3461 4168
1420 138 1483 184 45

1384 326 1410 393 ξ
1452 328 1527 376 19.

389 463 529 514 Haec
565 465 688 513 nexi
726 465 857 514 aeris
906 464 1150 531 obligatio
1198 464 1370 528 quaeri
1423 472 1608 530 potest,
1664 464 1823 529 qualis
1880 464 2043 525 fuerit,
2098 464 2334 513 verbisne
2392 484 2454 514 an
2508 484 2561 515 re
2617 484 2733 515 con-

174 552 480 618 tractaP40)
569 551 993 617 Quandoquidem
1048 551 1282 616 quotiens
1324 552 1593 617 pecuniam
1637 558 1866 599 mutuam
1905 550 2083 599 dantes
2122 551 2334 599 eandem
2373 570 2495 601 mox
2533 553 2733 618 stipula-

176 656 305 702 mur,
342 656 444 688 una
479 639 704 688 nascitur
741 639 982 706 obligatio
1021 654 1179 703 eaque
1227 638 1515 701 verborum,
1572 646 1844 705 propterea
1893 638 2028 704 quod
2082 638 2356 687 verborum
2412 639 2734 705 obligationis

174 728 344 792 potior
381 742 534 774 causa
568 726 786 775 habetur
828 726 979 790 idque
1028 725 1205 790 agitur,
1260 734 1314 773 ut
1370 727 1479 775 sola
1532 726 1788 791 stipulatio
1841 734 2027 787 teneat,
2081 726 2270 773 idcirco
2325 726 2733 791 probabilitatem

175 813 365 862 habere
404 812 620 874 videtur,
656 813 778 862 nexi
814 811 1194 877 obligationem,
1232 813 1372 878 cujus
1408 813 1461 861 in
1497 813 1665 862 verbis
1703 814 1852 862 certis
1889 814 2161 879 praecipua
2196 813 2274 862 vis
2310 813 2477 879 posita
2514 813 2591 872 sit,
2628 830 2734 860 ver-

174 900 360 949 borum
397 917 522 949 esse.
545 900 630 966 4¹)
718 898 955 960 Accedit,
1004 898 1140 964 quod
1187 908 1454 966 utrumque
1491 901 1750 967 negotium
1789 909 1839 950 et
1876 901 2034 950 stricti
2075 901 2202 967 juris
2243 910 2321 950 est
2359 909 2409 950 et
2445 901 2609 949 forma
2647 918 2738 949 sua

173 989 396 1036 maxime
433 989 581 1036 valet.
664 987 1030 1036 Verumtamen
1077 1005 1181 1035 non
1232 989 1371 1036 omni
1408 1005 1473 1036 ex
1509 997 1649 1052 parte
1689 990 1871 1037 similia
1926 998 2056 1050 sunt,
2109 998 2380 1054 propterea
2435 989 2573 1053 quod
2627 989 2738 1053 ipsa

174 1075 297 1124 nexi
350 1076 529 1137 forma,
584 1083 642 1124 ut
681 1075 788 1140 jam
840 1091 1044 1135 nomen,
1098 1074 1235 1139 quod
1288 1075 1350 1123 ab
1409 1092 1524 1123 aere
1581 1085 1630 1124 et
1672 1077 1802 1125 libra
1846 1076 2077 1124 sortitum
2133 1084 2222 1137 est,
2276 1076 2479 1137 indicat,
2533 1084 2737 1142 praeter

174 1162 334 1211 verba
365 1171 502 1211 certa
542 1162 694 1210 etiam
729 1160 1088 1210 raudusculum
1126 1161 1234 1210 dari
1270 1162 1493 1226 requirit,
1531 1161 1744 1227 ideoque
1782 1163 2027 1211 hactenus
2064 1180 2118 1210 re
2158 1164 2482 1212 contrahitur.
2541 1162 2736 1212 Tamen

174 1267 269 1299 nec
322 1267 376 1298 re
415 1248 646 1297 contrahi
683 1249 782 1297 dici
818 1258 988 1314 potest
1022 1250 1143 1297 nexi
1181 1250 1440 1315 obligatio,
1494 1266 1620 1313 quae
1673 1258 1781 1298 tum
1837 1267 1901 1298 ex
1938 1250 2124 1310 verbis,
2180 1258 2287 1298 tum
2343 1268 2406 1298 ex
2459 1258 2569 1299 toto
2621 1260 2734 1298 actu

176 1337 513 1386 substantiam
551 1336 698 1401 capit.
771 1334 903 1395 Quid
938 1336 1091 1402 igitur
1129 1336 1245 1385 est?
1335 1335 1668 1385 Statuendum
1718 1354 1827 1386 esse
1866 1337 2098 1398 arbitror,
2155 1345 2205 1385 et
2241 1346 2355 1385 actu
2393 1346 2442 1386 et
2476 1338 2647 1386 verbis
2687 1346 2736 1386 et

174 1440 229 1472 re
266 1440 456 1471 nexum
494 1423 747 1484 constitui,
785 1422 1214 1488 quamadmodum
1253 1423 1314 1471 de
1354 1424 1676 1489 stipulatione
1713 1424 1925 1489 loquens
1976 1423 2295 1473 Modestinus
2341 1425 2392 1472 in
2445 1424 2498 1472 L.
2538 1428 2599 1473 52
2640 1425 2665 1491 ξ
2704 1427 2733 1474 3

174 1509 238 1558 de
278 1508 337 1558 O.
377 1518 426 1558 et
462 1510 522 1558 A.
559 1527 613 1559 re
655 1517 705 1558 et
740 1511 910 1558 verbis
946 1511 1135 1574 pariter
1171 1527 1267 1558 nos
1305 1510 1518 1575 obligari
1556 1511 1638 1571 ait,
1693 1511 1733 1559 si
1781 1519 1830 1559 et
1875 1528 1956 1559 res
2005 1511 2394 1576 interrogationi
2439 1511 2733 1559 intercedat.

172 1597 221 1645 A
259 1597 583 1662 stipulatione
621 1596 719 1645 hoc
757 1613 957 1662 quoque
995 1596 1163 1645 differt
1198 1614 1403 1659 nexum,
1459 1596 1594 1662 quod
1643 1597 1897 1663 obligatio,
1954 1615 2080 1662 quae
2120 1615 2185 1645 ex
2222 1597 2547 1663 stipulatione
2585 1597 2734 1663 profi-

174 1686 390 1747 ciscitur,
446 1686 683 1734 universe
739 1685 803 1732 ad
851 1684 1074 1732 dandum
1121 1685 1473 1734 faciendumve
1512 1694 1740 1751 spectare
1794 1693 1975 1750 potest,
2031 1685 2150 1733 dum
2205 1687 2325 1733 nexi
2381 1687 2625 1752 obligatio
2682 1687 2734 1734 in

172 1774 387 1839 pecunia
426 1773 595 1822 danda
631 1773 875 1822 consistit.
963 1772 1038 1821 De
1077 1791 1228 1822 causa
1273 1773 1532 1840 obligandi
1569 1773 1915 1823 controversia
1953 1780 2041 1835 est,
2097 1790 2249 1838 quum
2289 1773 2369 1821 alii
2407 1791 2598 1821 nexum
2635 1773 2733 1822 nisi

173 1862 389 1927 pecunia
427 1861 545 1909 data
583 1861 914 1910 constitutum
951 1879 1055 1909 non
1105 1878 1215 1910 esse
1272 1862 1538 1923 affirment,
1595 1862 1677 1909 alii
1733 1861 2096 1926 qualiacunque
2152 1860 2322 1909 debita
2360 1861 2411 1908 in
2450 1861 2570 1909 nexi
2609 1860 2730 1908 obli-

173 1950 431 2014 gationem
468 1949 732 1997 transferri
769 1949 994 2014 potuisse
1033 1957 1291 1998 censeant.
1382 1947 1478 2008 Qui
1531 1949 1797 2014 pecuniam
1854 1948 2022 1997 datam
2070 1949 2346 2013 requirunt,
2403 1948 2485 1995 alii
2522 1964 2730 1996 necesse

174 2036 330 2085 fuisse
370 2036 676 2098 existimant,
733 2044 788 2085 ut
823 2037 875 2084 in
912 2037 1258 2101 praesescntia
1292 2036 1498 2085 testium
1546 2036 1650 2085 sive
1707 2035 2079 2101 appenderetur
2134 2036 2239 2084 sive
2298 2034 2731 2096 adnumeraretur,

171 2123 255 2170 alii
293 2123 567 2184 suffecisse,
617 2124 658 2172 si
697 2131 812 2171 ante
851 2132 1018 2172 actum
1056 2124 1319 2172 solennem
1358 2124 1463 2172 sive
1500 2132 1676 2172 mutua
1712 2124 1818 2172 sive
1858 2124 1954 2171 alia
1992 2141 2055 2171 ex
2103 2141 2270 2184 causa,
2323 2123 2453 2171 forte
2500 2122 2731 2187 depositi,

173 2211 294 2260 data
330 2220 478 2260 esset.
566 2211 816 2277 Equidem
863 2220 1093 2277 putarem
1137 2230 1243 2260 non
1290 2212 1444 2260 modo
1491 2212 1627 2277 quod
1675 2213 1771 2259 alia
1818 2229 1881 2260 ex
1920 2229 2071 2260 causa
2109 2228 2405 2276 quacunque
2447 2211 2730 2272 deberetur,

169 2315 261 2363 per
300 2299 631 2347 novationem
667 2299 894 2364 potuisse
934 2299 984 2347 in
1022 2299 1140 2347 nexi
1180 2299 1543 2365 obligationem
1587 2298 1783 2361 deduci,
1839 2317 2016 2348 verum
2064 2300 2269 2348 omnino
2320 2315 2522 2347 causam
2568 2298 2728 2362 requi-

168 2386 380 2434 rendam
419 2404 524 2435 non
561 2387 731 2435 fuisse.
805 2385 908 2435 Sua
943 2388 993 2434 vi
1031 2404 1087 2434 ac
1124 2394 1377 2452 potestate
1415 2404 1603 2435 nexum
1642 2388 1988 2436 consistebat:
2045 2404 2104 2435 ea
2140 2388 2250 2452 ipsa
2301 2403 2371 2446 re,
2428 2384 2563 2449 quod
2619 2386 2729 2449 quis

170 2489 343 2521 coram
397 2474 612 2523 testibus
665 2475 841 2539 populi
897 2474 1084 2523 classes
1137 2474 1449 2523 imitantibus
1503 2474 1791 2539 patiebatur
1845 2491 1898 2523 86
1952 2474 2194 2539 pecuniae
2259 2472 2514 2533 damnari,
2589 2472 2731 2536 quasi

169 2558 508 2608 confitebatur
571 2576 624 2609 se
689 2559 875 2609 debere
938 2560 1271 2623 tantundem,
1338 2568 1579 2625 quantum
1645 2561 1771 2609 alter
1835 2560 2180 2625 praedicarat,
2248 2576 2406 2624 eaque
2474 2558 2728 2608 confessio

165 2664 272 2697 non
325 2646 476 2698 video
526 2665 614 2697 cur
666 2647 833 2697 minus
888 2647 1071 2698 efficax
1123 2648 1420 2715 pollensque
1476 2648 1654 2712 fuerit,
1718 2666 1867 2714 quam
1921 2647 1973 2697 in
2020 2648 2134 2714 jure
2189 2647 2354 2710 facta,
2411 2665 2565 2713 quum
2611 2646 2727 2697 talis

167 2736 359 2786 inesset
412 2737 488 2786 vis
542 2736 593 2785 in
647 2736 722 2797 iis,
777 2754 927 2801 quam
981 2754 1072 2802 per
1127 2734 1228 2786 aes'
1268 2746 1317 2786 et
1369 2737 1549 2786 libram
1595 2736 1915 2802 gerebantur,
1973 2736 2135 2801 qualis
2179 2736 2344 2784 inerat
2390 2736 2442 2783 in
2488 2735 2549 2784 iis
2598 2753 2729 2801 quae

169 2824 302 2890 apud
357 2832 643 2890 praetorem
697 2824 749 2872 in
809 2824 921 2889 jure
977 2825 1271 2891 agebantur.
1375 2823 1505 2873 Nam
1570 2823 1704 2889 quod
1769 2824 1821 2872 in
1880 2824 1993 2889 jure
2060 2824 2255 2885 cessio,
2321 2823 2458 2871 idem
2522 2823 2730 2872 valebat

166 2912 489 2979 mancipatio,
545 2911 680 2977 quod
721 2910 964 2977 judicatio
1003 2919 1053 2961 et
1089 2912 1343 2962 confessio
1390 2913 1442 2961 in
1489 2912 1616 2977 jure,
1670 2910 1806 2960 idem
1858 2911 2028 2960 valere
2086 2910 2309 2961 debebat
2363 2910 2621 2961 damnatio
2675 2912 2725 2960 in

167 3016 304 3049 nexo
343 3000 576 3049 faciendo
612 3000 950 3066 pronuntiata.
1038 2998 1146 3048 Hac
1183 3008 1354 3049 tamen
1390 3016 1445 3048 re
1494 2998 1740 3065 ejusmodi
1788 2998 2045 3048 damnatio
2096 3007 2246 3065 atque
2302 2998 2555 3048 confessio
2610 3014 2722 3046 cum

169 3103 229 3135 ea
264 3087 415 3136 tacite
454 3088 696 3154 conjunta
733 3105 762 3137 a
796 3105 850 3137 re
890 3087 1116 3153 judicata
1155 3096 1203 3136 et
1241 3088 1560 3137 confessione
1597 3087 1648 3135 in
1678 3086 1792 3152 jure
1829 3085 2205 3153 discrepabant,
2254 3086 2391 3152 quod
2425 3093 2632 3150 utraque
2669 3084 2721 3133 in

168 3174 392 3223 futurum
430 3182 631 3240 tempus
669 3176 1059 3242 concipiebatur.
1140 3174 1261 3224 Erat
1298 3175 1548 3224 confessio
1586 3174 1829 3240 pecuniae
1868 3173 2069 3224 debitae
2106 3192 2211 3224 non
2252 3174 2432 3235 statim,
2481 3171 2569 3222 sed
2605 3179 2723 3237 post

169 3269 362 3309 certum
398 3269 598 3326 tempus
637 3263 926 3311 solvendae.
1014 3262 1083 3309 At
1131 3278 1189 3310 eo
1227 3262 1353 3326 ipso,
1410 3262 1545 3326 quod
1580 3262 1784 3310 nonnisi
1821 3263 2090 3326 pecuniam
2144 3264 2226 3312 vel
2279 3279 2362 3309 aes
2416 3259 2616 3307 debitor
2669 3260 2718 3306 in

165 3366 301 3397 nexo
340 3348 573 3398 faciendo
612 3349 963 3411 confitebatur,
1000 3349 1125 3405 haec
1163 3349 1413 3398 confessio
1451 3349 1613 3415 major
1651 3357 1758 3398 erat
1794 3350 1878 3399 vel
1915 3358 2050 3400 certe
2090 3368 2199 3400 esse
2236 3355 2432 3415 poterat
2469 3364 2541 3408 ea,
2591 3362 2717 3411 quae

165 3437 217 3487 in
261 3438 373 3503 jure
413 3438 672 3501 edebatur,
728 3457 881 3505 quum
927 3439 1051 3487 haec
1100 3439 1248 3487 etiam
1294 3439 1419 3488 alius
1466 3437 1624 3488 debiti
1679 3456 1790 3488 esse
1844 3449 2033 3506 posset.
2123 3438 2370 3499 Quoniam
2423 3453 2545 3484 vero
2601 3452 2719 3484 eon·

369 3576 413 3621 ⁴⁰)
441 3559 620 3623 Huschke,
648 3582 761 3614 Recht
787 3582 846 3614 des
873 3582 1016 3615 Nexum
1042 3591 1075 3623 p.
1105 3578 1261 3614 25—27.

369 3638 414 3684 ⁴¹)
440 3641 478 3673 L.
511 3638 580 3675 126
605 3642 622 3686 §
649 3640 671 3676 2
698 3643 739 3677 de
767 3643 808 3676 V.
839 3644 880 3676 V.
934 3645 972 3677 L.
1001 3640 1024 3678 6
1051 3643 1068 3687 §
1097 3641 1128 3677 l.
1181 3643 1220 3676 L.
1250 3639 1270 3677 7
1299 3643 1341 3676 de
1368 3646 1480 3676 novat.
1509 3646 1544 3675 et
1569 3642 1673 3676 solut.
