3461 4168
1879 148 1946 194 20

617 322 724 372 quo
763 304 989 355 Danzius
1024 303 1219 366 nititur,
1265 303 1403 353 haud
1441 302 1659 352 obscure
1698 301 2011 351 contrarium
2045 299 2253 350 indicat.
2314 298 2459 359 'Quid
2496 299 2651 366 igitur
2688 300 2807 350 est?
2878 299 3055 350 Verba
3088 297 3210 349 Dio·

616 393 755 459 nysii
796 392 951 440 allata
986 390 1179 451 dicunt,
1215 389 1460 456 praedam
1498 387 1562 437 ad
1598 388 1968 453 rempublicam
2006 387 2135 454 legis
2165 386 2313 452 jussu
2347 385 2620 451 pertinere,
2656 402 2838 436 verum
2875 404 2982 437 non
3019 386 3210 447 dicunt,

617 480 734 546 lege
771 478 1139 544 imperatorem
1175 477 1491 543 prohibitum
1532 492 1660 537 esse,
1715 474 1991 540 quominus
2044 472 2288 541 praedam
2343 471 2407 521 ad
2461 471 2829 538 rempublicam
2867 472 3209 538 pertinentem

619 567 872 615 militibus
909 566 1253 614 distribueret.
1327 564 1517 613 Orator
1566 561 1905 612 introducitur
1947 561 2133 623 dicere,
2172 560 2409 610 omnibus
2446 567 2627 609 notum
2665 576 2793 621 esse,
2846 559 3211 625 imperatorem

620 653 674 700 in
712 651 959 715 praedam
995 652 1080 715 jus
1118 669 1223 699 non
1260 651 1484 698 habere:
1541 649 1681 713 atqui
1729 665 1821 712 pro
1870 647 1949 694 his
1988 647 2053 694 ad
2089 648 2257 712 legem
2291 663 2397 695 non
2435 653 2701 710 provocat,
2756 644 2847 694 sed
2901 646 3126 694 oratoria
3159 645 3211 695 vi

622 738 832 786 dicendi
870 755 980 786 rem
1020 746 1186 802 auget,
1235 752 1403 798 neque
1442 735 1561 799 quia
1596 734 1788 799 praeda
1823 732 2134 798 reipublicae
2191 742 2315 794 erat,
2368 731 2556 781 idcirco
2612 731 2908 796 imperatori
2955 731 3040 796 jus
3096 747 3211 780 eam

623 831 714 873 aut
751 824 1055 873 distribuere
1092 830 1178 870 aut
1213 820 1438 869 vendere
1475 838 1686 885 prorsus
1725 820 2019 884 ademptum
2061 828 2183 868 erat.
2254 819 2562 884 Plerumque
2581 826 2692 867 tota
2709 817 2901 883 praeda
2930 818 3084 883 (quae
3105 817 3212 881 qui·

625 909 744 960 dem
781 909 833 959 in
870 909 1024 959 rebus
1060 906 1337 957 mobilibus
1375 914 1463 956 aut
1499 923 1553 956 se
1591 907 1921 955 moventibus
1958 906 2255 970 constaret),
2294 915 2381 956 aut
2417 907 2527 973 ipsa
2556 913 2643 954 aut
2670 905 2959 966 manubiae,
2994 903 3213 971 pecunia

622 997 746 1046 inde
784 996 1007 1055 redacta,
1061 994 1310 1043 militibus
1350 993 1745 1054 concedebatur,
1800 1011 1895 1042 nec
1934 993 1998 1042 ad
2036 1010 2148 1042 eam
2187 1010 2296 1042 rem
2335 994 2511 1059 utique
2549 1009 2796 1042 concessu
2851 992 3029 1058 populi
3083 1008 3212 1057 opus

626 1092 750 1142 erat,
790 1098 1117 1147 quamquam,
1156 1088 1214 1129 ut
1250 1080 1482 1144 conjicio,
1519 1079 1799 1144 imperator
1835 1095 2223 1143 nonnumquam
2262 1080 2550 1144 specialiter
2584 1079 2826 1145 praedam
2863 1079 2915 1127 in
2950 1078 3212 1143 publicum

624 1168 861 1233 redigere
895 1167 1189 1232 jubebatur.
1217 1167 1299 1231 ι5)

845 1252 917 1302 Ut
953 1261 1003 1302 et
1041 1270 1213 1301 rerum
1253 1252 1473 1317 mancipi
1514 1259 1565 1301 et
1600 1251 1992 1316 mancipationis
2031 1251 2279 1317 originem
2321 1251 2664 1316 exploremus,
2721 1251 2785 1300 ad
2840 1251 2952 1316 ipsa
3004 1250 3077 1299 rei
3113 1247 3213 1299 Ro-

623 1357 774 1389 mane
814 1339 1098 1405 primordia
1121 1339 1519 1404 penetrandum
1568 1356 1679 1387 esse
1729 1338 1984 1398 existimo,
2040 1346 2089 1386 et
2144 1337 2313 1402 placet
2365 1336 2489 1385 mihi
2525 1335 2755 1386 Puchtae
2811 1336 3065 1386 sententia
3116 1335 3214 1385 rati

623 1426 994 1492 antiquissimis
1029 1426 1366 1491 temporibus,
1405 1442 1561 1491 quum
1599 1424 1949 1474 Romanorum
1997 1424 2176 1472 civitas
2224 1423 2366 1472 urbis
2419 1440 2583 1488 paene
2636 1406 2796 1471 inuris
2851 1424 3213 1485 contineretur,

625 1529 786 1578 quum
825 1513 965 1562 bella
1002 1512 1279 1578 quotannis
1319 1512 1428 1578 geri
1465 1512 1617 1563 solita
1651 1512 1778 1561 nihil
1815 1519 1987 1561 essent
2024 1510 2176 1573 aliud,
2212 1511 2311 1560 nisi
2349 1510 2972 1576 assiduaepopulationes
2993 1519 3044 1559 et
3070 1528 3212 1576 prae-

624 1598 863 1649 dationes
903 1616 933 1647 a
970 1599 1147 1663 paucis
1185 1605 1454 1663 susceptae
1491 1598 1544 1647 in
1592 1598 1836 1648 finitimas
1885 1605 2080 1663 gentes,
2124 1605 2328 1662 praeter
2364 1597 2599 1645 homines
2644 1604 2796 1661 atque
2834 1598 3055 1662 majores
3093 1613 3211 1661 qua-

626 1685 901 1751 drupedes,
940 1703 1070 1750 quae
1111 1685 1272 1734 serius
1309 1685 1443 1733 inter
1480 1702 1651 1733 rerum
1689 1685 1911 1749 mancipi
1947 1701 2218 1733 numerum
2255 1683 2460 1732 habitae
2498 1691 2630 1745 sunt,
2677 1682 2805 1732 nihil
2840 1682 3060 1748 praedae
3099 1699 3212 1732 esse

624 1777 846 1837 captum,
903 1785 1059 1836 quum
1102 1786 1242 1833 oveS,
1300 1786 1495 1837 capras,
1552 1786 1670 1821 sues
1707 1771 1919 1821 domum
1957 1787 2108 1838 agere
2148 1787 2335 1837 operae
2374 1771 2593 1838 pretium
2630 1787 2736 1819 non
2789 1770 3063 1833 videretur,
3116 1786 3212 1818 nec

622 1858 732 1907 sere
772 1864 946 1907 essent
981 1857 1110 1907 aliae
1149 1875 1232 1907 res
1272 1856 1457 1923 dignae
1494 1857 1651 1919 visae,
1702 1856 1887 1922 quibus
1926 1863 2227 1907 oneraretur
2263 1864 2314 1906 et
2350 1856 2682 1922 impediretur
2721 1859 2988 1908 exercitus.
3078 1857 3211 1908 Sane

622 1945 959 2010 capiebantur
994 1954 1264 2010 praeterea
1303 1945 1520 2009 exiguae
1558 1962 1642 1993 res
1681 1952 1732 1993 et
1766 1944 2003 2005 leviores,
2043 1962 2170 2009 quas
2209 1943 2424 2008 quisque
2461 1943 2597 1992 facili
2633 1945 2841 2009 negot-io
2873 1962 3047 1994 secum
3079 1945 3212 1994 serre

622 2039 842 2096 poterat,
901 2049 1147 2096 quasque,
1204 2032 1299 2080 etsi
1334 2031 1591 2096 pretiosae
1628 2048 1734 2080 non
1773 2040 1959 2092 essent,
2015 2031 2165 2081 utiles
2214 2030 2310 2080 sibi
2357 2030 2573 2095 quisque
2611 2030 2844 2081 ducebat.
2933 2030 3034 2080 Eas
3087 2048 3211 2081 vero

626 2118 851 2166 arbitror
888 2118 948 2166 iis
985 2118 1305 2183 temporibus
1343 2118 1653 2183 reipublicae
1692 2118 1852 2166 factas
1889 2135 1993 2166 non
2033 2134 2161 2178 esse,
2218 2117 2308 2165 sed
2347 2116 2669 2181 capientium.
2757 2116 2990 2182 Namque
3046 2116 3211 2167 Gellio

624 2212 757 2254 teste
797 2203 955 2268 (XVI.
995 2204 1048 2269 4)
1098 2204 1350 2270 quaedam
1390 2205 1603 2270 exigua-e
1643 2204 1915 2270 exiguique
1952 2205 2125 2270 prettii
2161 2221 2243 2253 res
2281 2204 2456 2270 populi
2493 2221 2742 2253 concessu
2782 2204 3089 2270 capientium
3125 2205 3212 2254 fie-

622 2290 764 2351 bant,
820 2298 877 2339 ut
914 2290 1075 2351 hasta,
1133 2291 1333 2351 hastile,
1387 2291 1540 2355 ligna,
1595 2291 1854 2355 pabulum,
1908 2300 2036 2352 uter,
2091 2291 2242 2352 follis,
2296 2292 2462 2340 facula
2505 2299 2555 2341 et
2591 2292 2633 2340 si
2671 2291 2793 2356 quid
2829 2292 3040 2341 minoris
3078 2300 3214 2342 esset

621 2376 818 2425 nummi
857 2377 1103 2442 argentei,
1141 2377 1363 2441 ideoque
1404 2377 1496 2426 has
1536 2378 1868 2442 exceptiones
1897 2386 2220 2427 *sacramento
2254 2377 2458 2427 militari
2491 2377 2690 2426 additas
2720 2377 2951 2443 legimus.
3022 2376 3211 2428 Earum

620 2479 794 2511 rerum
831 2479 1075 2512 numerus
1113 2441 1274 2524 initio,
1312 2471 1369 2511 ut
1405 2464 1604 2529 opinor,
1642 2465 1807 2530 major
1842 2465 1951 2526 fuit,
1989 2465 2059 2512 ita
2094 2472 2150 2513 ut
2187 2482 2365 2513 omnes
2402 2482 2484 2513 res
2514 2481 2701 2530 parvas
2733 2481 2789 2512 ac
2824 2464 3047 2525 viliores,
3085 2481 3212 2530 quas

621 2549 771 2598 miles
808 2550 955 2598 facile
995 2565 1169 2598 secum
1207 2558 1452 2615 portaret,
1510 2551 1606 2599 sibi
1663 2552 1835 2599 statim
1894 2552 2193 2615 acquireret.
2282 2551 2347 2599 Et
2402 2553 2633 2617 suspicor
2667 2552 2781 2616 lege
2818 2551 2920 2612 illa,
2957 2550 3022 2598 ad
3058 2568 3212 2616 quam

620 2635 902 2703 Dionysius
940 2644 1205 2702 provocat,
1244 2654 1374 2703 quae
1413 2637 1619 2703 quando
1658 2638 1761 2686 lata
1799 2638 1864 2687 sit
1900 2655 2110 2704 prorsus
2146 2639 2458 2705 ignoramus,
2494 2647 2721 2689 veterem
2750 2639 3017 2700 rationem,
3055 2654 3213 2703 quum

621 2724 815 2788 praeda
852 2741 1015 2789 usque
1054 2732 1105 2773 et
1140 2725 1306 2789 major
1341 2724 1489 2774 fieret
1527 2732 1577 2773 et
1613 2725 1786 2789 plures
1824 2742 1907 2773 res
1945 2726 2386 2790 complecteretur,
2436 2743 2497 2775 eo
2534 2722 2781 2775 muta'tam
2838 2743 2965 2788 esse,
3013 2733 3068 2775 ut
3106 2726 3211 2791 qui·

624 2811 841 2858 busdam
877 2813 1033 2860 rebus
1069 2813 1247 2878 paucis
1285 2812 1516 2877 exceptis
1556 2829 1736 2859 omnes
1774 2812 1838 2859 ad
1886 2812 2254 2877 rempublicam
2309 2813 2640 2877 pertinerent.
2728 2811 2832 2860 Eae
2889 2820 3058 2861 autem
3112 2830 3210 2873 res,

624 2911 759 2962 quae
790 2897 897 2962 jam
935 2898 1201 2964 principio,
1240 2898 1446 2964 quando
1484 2899 1591 2947 fere
1628 2899 1809 2947 unicae
1847 2899 1984 2947 bello
2023 2888 2370 2965 capiebantur,
2407 2901 2584 2965 populi
2612 2901 2776 2947 factae
2805 2909 2938 2961 sunt,
2975 2900 3210 2948 homines

620 2982 778 3049 igitur
833 2989 884 3032 et
930 2983 1160 3048 jumenta
1215 2992 1548 3050 armentaque
1603 2986 1910 3047 vernacula,
1967 2986 2223 3051 singulare
2278 2985 2540 3052 quoddam
2589 3002 2750 3052 genus
2798 3002 2968 3035 rerum
3007 2987 3209 3036 efficere

621 3077 921 3134 coeperunt,
958 3070 1253 3135 insignitum
1280 3072 1451 3133 modo,
1491 3089 1592 3137 quo
1632 3072 1998 3121 alienabantur.
2056 3072 2197 3132 Quae
2234 3089 2317 3121 res
2354 3073 2656 3138 plerumque
2694 3073 2835 3138 (nam
2871 3073 3127 3123 interdum
3160 3082 3211 3123 et

619 3155 841 3205 fortasse
880 3155 1022 3205 haud
1059 3173 1176 3205 raro
1215 3157 1365 3206 etiam
1402 3159 1454 3207 in
1492 3158 1571 3208 his
1609 3159 1845 3224 exceptio
1883 3159 1967 3208 vel
2003 3159 2067 3208 ab
2104 3159 2413 3224 imperatore
2451 3159 2535 3208 vel
2572 3176 2602 3207 a
2645 3160 2836 3225 populo
2875 3160 3208 3223 statuebatur,

618 3240 692 3292 ita
727 3250 784 3291 ut
819 3242 953 3292 inter
989 3242 1178 3292 milites
1215 3242 1369 3309 ipsae,
1423 3262 1528 3294 non
1580 3253 1780 3295 tantum
1808 3245 2107 3295 ·manubiae
2146 3244 2595 3311 distribuerentur)
2650 3245 2702 3295 in
2755 3246 2962 3312 publico
3018 3264 3208 3297 venum

621 3327 890 3391 dabantur,
947 3337 998 3379 et
1043 3329 1248 3397 publice
1296 3330 1501 3395 quidem
1546 3349 1576 3380 a
1619 3333 1921 3399 magistratu
1957 3332 2106 3382 hasta
2144 3340 2316 3382 erecta
2353 3333 2499 3397 quasi
2535 3333 2681 3399 signo
2721 3333 2944 3399 quodam
2984 3342 3035 3383 et
3070 3335 3206 3384 unde

619 3415 849 3465 venisset
882 3433 966 3466 res
1002 3416 1369 3467 venumdanda
1406 3425 1456 3467 et
1490 3418 1701 3484 legitimi
1737 3419 1950 3469 dominii
1968 3419 2325 3470 transferendi.
2380 3418 2725 3486 Appellabant
2747 3428 2917 3471 autem
2946 3421 3205 3487 praedam,

830 3552 873 3597 ¹⁶)
900 3556 973 3590 Liv.
1000 3557 1046 3590 11.
1071 3554 1120 3590 42
1146 3564 1371 3598 accensaque
1399 3564 1439 3590 ex
1467 3557 1640 3599 cupiditas
1667 3564 1723 3593 est
1748 3560 1966 3602 malignitate
1993 3564 2148 3603 patrum,
2178 3560 2237 3601 qui
2265 3559 2394 3601 praeda
2421 3560 2569 3595 militem
2597 3561 2816 3596 fundavere.
2859 3560 3035 3604 Quidquid
3064 3565 3204 3603 captum

618 3622 660 3650 ex
688 3616 851 3651 hostibus
878 3620 947 3662 est,
975 3618 1132 3652 vendidit
1157 3618 1291 3653 Fabius
1318 3618 1443 3652 consui
1471 3626 1512 3652 ac
1539 3620 1672 3662 redegit
1698 3622 1732 3654 in
1761 3622 1955 3664 pubiicum.
