3461 4168
1934 148 1998 197 32

681 310 826 353 actus
878 302 1152 368 legitimos,
1208 302 1295 367 qui
1346 319 1453 352 non
1506 304 1757 369 recipiant
1808 303 1944 353 diem
1979 304 2063 354 vel
2098 302 2461 365 conditionem,
2514 304 2658 354 velut
2710 307 3154 372 mancipationem,
3206 307 3262 358 in

680 397 847 439 totum
884 389 1054 438 vitiari
1090 406 1182 456 per
1217 390 1463 456 temporis
1499 391 1583 439 vel
1620 391 1928 441 conditionis
1963 391 2313 458 adjectionem.
2336 390 2423 456 ²³)
2474 389 2826 456 Adjiciebatur
2862 394 2998 443 enim
3034 392 3260 444 conditio

682 479 768 527 vel
823 478 950 540 dies,
1007 478 1050 527 si
1104 478 1386 527 dominium
1441 477 1515 525 rei
1567 479 1888 544 mancipatae
1941 497 2047 528 non
2101 480 2273 529 statim
2308 479 2420 545 ipso
2458 487 2575 527 actu
2619 479 2846 545 legitimo
2882 483 3259 544 transferretur,

682 581 865 615 verum
901 581 1064 631 usque
1102 565 1168 614 ad
1203 565 1352 631 pretii
1388 564 1695 613 solutionem
1733 565 1869 630 apud
1907 566 2231 616 venditorem
2266 573 2567 617 remaneret.
2591 566 2677 631 ²⁴)
2762 565 2870 615 Nec
2916 567 3085 618 dicere
3126 571 3259 632 licet,

686 652 1039 703 conditionem
1075 653 1206 702 hanc
1243 651 1393 701 tacite
1433 650 1683 716 adjectam
1722 651 1975 716 ejusmodi
2012 670 2140 717 esse,
2178 672 2322 721 quae,
2359 662 2415 705 ut
2453 653 2523 704 ait
2556 652 2882 720 Papinianus,
2920 663 3094 721 aperte
3125 673 3259 707 com·

684 739 946 806 prehensa
980 740 1159 790 vitium
1196 738 1388 798 afferat,
1441 737 1594 786 tacite
1640 737 1832 786 inserta
1879 737 2112 789 inutilem
2160 750 2328 791 actum
2376 760 2481 791 non
2528 741 2729 802 efficiat,
2784 759 2939 806 quum
2976 741 3028 791 id
3064 750 3260 807 spectet

687 827 753 877 ad
807 846 916 877 rem
969 829 1122 893 longe
1177 825 1447 885 diversam,
1503 824 1634 873 sicut
1688 825 1980 890 exemplum
2036 828 2100 875 ab
2154 829 2267 894 ipso
2314 829 2595 896 Papiniano
2642 829 2849 877 allatum
2896 830 3046 895 plane
3095 829 3258 879 docet.

688 915 786 976 Qui
825 916 1178 981 exceptionem
1216 912 1392 962 statuit
1427 913 1597 973 talem,
1644 912 1687 961 si
1724 921 1988 978 acceptum
2025 914 2218 963 feratur
2257 917 2317 978 ei,
2375 918 2461 982 qui
2497 917 2589 966 sub
2627 916 2917 965 conditione
2954 917 3259 983 promiserit,

688 1004 760 1053 ita
797 1003 1000 1052 demum
1041 1001 1203 1067 egisse
1243 1000 1685 1065 acceptilationem
1723 1000 1927 1065 aliquid,
1985 1001 2027 1049 si
2081 1002 2410 1068 obligationis
2466 1003 2690 1053 conditio
2744 1003 3008 1053 exstiterit.
3097 1003 3258 1054 Multo

686 1091 853 1139 minus
891 1089 1044 1150 dices,
1089 1088 1318 1154 regulam
1356 1105 1386 1136 a
1415 1088 1530 1153 jure
1569 1087 1816 1137 consultis
1854 1088 2131 1149 inventam,
2170 1090 2331 1137 veteri
2362 1090 2467 1155 juri
2503 1099 2555 1140 et
2590 1091 2809 1157 tempori
2831 1089 2943 1140 XII.
2971 1092 3260 1141 tabularum

684 1178 914 1244 ignotam
951 1176 1123 1225 fuisse.
1194 1173 1311 1224 Non
1348 1175 1443 1224 fuit
1473 1175 1900 1241 jurisperitorum,
1938 1177 2216 1224 formarum
2246 1194 2276 1224 a
2302 1178 2582 1242 majoribus
2609 1178 2908 1228 traditarum
2927 1178 3030 1227 vim
3057 1196 3259 1245 augere,

686 1265 777 1314 sed
831 1265 1000 1330 potius
1055 1264 1318 1311 minuere:
1386 1263 1737 1324 elaborarunt,
1801 1272 1857 1311 ut
1918 1264 2158 1312 materiae
2220 1265 2547 1329 negotiorum
2601 1266 2794 1331 majore
2848 1283 3007 1330 usque
3060 1265 3261 1314 reddita

683 1360 937 1418 potestate
975 1352 1172 1399 formae
1209 1350 1524 1415 principatus
1562 1351 1875 1410 vinceretur,
1914 1351 2055 1415 cujus
2094 1368 2207 1398 cum
2245 1351 2617 1416 significatione
2654 1353 2864 1401 effectus
2901 1352 3259 1419 progrediente

684 1439 898 1489 scientia
934 1439 1045 1504 pari
1081 1455 1236 1504 passu
1273 1438 1498 1503 dilapsus
1537 1446 1614 1486 est
1650 1446 1701 1486 et
1737 1438 2057 1487 annihilatus.
2120 1437 2221 1486 Sed
2259 1438 2411 1486 etiam
2449 1439 2490 1487 si
2527 1439 2756 1504 regulam
2793 1439 2924 1488 hanc
2960 1457 3065 1489 non
3104 1440 3256 1489 habe-

684 1544 873 1587 remus,
909 1535 1083 1575 tamen
1119 1543 1362 1591 negarem
1397 1524 1508 1573 XII.
1546 1524 1745 1573 tabulas
1800 1524 1862 1572 de
1917 1525 2289 1589 mancipatione
2335 1524 2645 1574 venditionis
2693 1543 2847 1574 causa
2893 1527 3028 1575 facta
3063 1528 3259 1576 cavisse

687 1613 754 1676 id,
813 1613 951 1679 quod
989 1631 1018 1661 a
1053 1622 1236 1662 natura
1272 1621 1421 1678 atque
1458 1612 1510 1661 vi
1547 1630 1701 1676 quum
1740 1612 1970 1660 omnium
2008 1612 2263 1660 actionum
2312 1612 2535 1660 civilium
2572 1620 2817 1674 veterum,
2872 1620 2982 1661 tum
3029 1613 3260 1679 inprimis

687 1701 1092 1768 mancipationis,
1131 1709 1273 1750 actus
1312 1700 1540 1749 omnium
1579 1700 1801 1749 maxime
1841 1701 2019 1762 civilis,
2057 1701 2420 1750 alienissimum
2458 1718 2569 1750 esse
2601 1700 2791 1766 judico.

1904 1924 1930 1991 ξ
1976 1926 2049 1974 13.

906 2060 1100 2110 Omnes
1137 2070 1295 2123 actus,
1350 2063 1434 2127 qui
1471 2062 1535 2110 ad
1579 2063 1664 2127 jus
1711 2062 1984 2127 pertinent,
2040 2061 2103 2109 ab
2142 2062 2217 2122 iis,
2273 2063 2357 2126 qui
2394 2079 2548 2126 quum
2578 2063 2696 2127 jura
2731 2080 2895 2127 neque
2933 2063 3260 2124 constituant,

687 2165 784 2197 nec
835 2149 1035 2211 tollant,
1088 2166 1183 2197 nec
1237 2150 1520 2211 immutent,
1575 2166 1669 2197 nec
1726 2148 2045 2209 confirment,
2100 2149 2151 2196 in
2201 2150 2315 2214 jure
2370 2150 2557 2198 nullius
2592 2150 2839 2198 momenti
2876 2157 3009 2211 sunt,
3064 2150 3261 2198 duabus

690 2236 846 2285 rebus
883 2236 1140 2299 differunt,
1194 2245 1304 2286 tum
1357 2237 1522 2285 forma
1575 2244 1803 2297 externa,
1859 2253 1959 2301 qua
2012 2245 2271 2302 geruntur,
2327 2245 2434 2285 tum
2482 2237 2707 2299 materia,
2763 2254 2861 2302 qua
2910 2254 3009 2302 quo
3048 2236 3260 2285 consilio

688 2340 906 2389 quamve
946 2324 1012 2372 ob
1052 2341 1259 2373 causam
1295 2332 1551 2391 gerantur,
1590 2324 1903 2389 exprimitur.
1959 2322 2123 2388 Saepe
2160 2323 2212 2371 in
2248 2323 2482 2388 negotiis,
2519 2331 2586 2372 ut·
2612 2324 2831 2384 valeant,
2869 2332 2920 2373 et
2955 2324 3171 2372 formam
3210 2331 3261 2373 et

685 2412 953 2461 materiam
990 2428 1295 2461 concurrere
1334 2419 1551 2478 oportet,
1590 2429 1756 2478 saepe,
1794 2429 1894 2477 qua
1929 2412 2097 2459 forma
2131 2418 2338 2458 utantur
2375 2419 2545 2476 partes
2581 2411 2708 2459 nihil
2743 2412 2911 2473 refert,
2950 2428 3100 2478 saepe
3136 2429 3260 2461 vero

686 2499 855 2548 forma
888 2500 960 2549 ita
995 2499 1271 2565 praevalet,
1308 2507 1365 2548 ut
1401 2516 1529 2565 quae
1566 2516 1621 2548 re
1658 2516 1780 2548 vera
1815 2500 1867 2548 in
1906 2507 2023 2548 actu
2058 2498 2214 2547 insint
2250 2515 2478 2564 quaeque
2516 2499 2580 2548 sit
2615 2499 2833 2564 partium
2879 2499 3110 2561 intentio,
3155 2516 3261 2549 non

687 2587 985 2653 inquiratur.
1073 2586 1289 2636 Formae
1345 2587 1621 2636 auctoritas
1675 2587 1900 2636 maxima
1942 2604 2054 2636 esse
2092 2587 2224 2635 solet
2259 2587 2310 2635 in
2346 2587 2524 2652 priscis
2561 2587 2813 2653 gentibus,
2867 2586 2989 2635 dum
3041 2603 3105 2635 ne
3161 2587 3262 2635 sint

689 2677 898 2726 omnino
937 2676 1090 2726 rudes
1127 2684 1277 2741 atque
1315 2676 1551 2737 incultae,
1607 2692 1665 2724 ac
1703 2675 1991 2741 respublica
2021 2675 2129 2740 jam
2165 2674 2269 2724 vim
2306 2675 2757 2740 auctoritatemque
2795 2675 2891 2724 sibi
2931 2674 3263 2740 assumpserit

690 2771 742 2812 et
776 2764 1163 2829 comparaverit.
1250 2763 1321 2813 At
1366 2762 1502 2812 idem
1539 2761 1692 2812 hodie
1742 2763 2017 2812 observare
2054 2762 2173 2811 licet
2208 2762 2259 2810 in
2296 2770 2473 2811 nostra
2511 2760 2798 2824 Germania,
2836 2762 2922 2811 ubi
2958 2762 3011 2811 in
3050 2778 3259 2828 syngra-

693 2850 823 2916 phis,
872 2868 999 2915 quae
1036 2852 1191 2918 vulgo
1229 2852 1546 2900 cambiorum
1583 2851 1790 2899 nomine
1829 2850 2175 2916 designantur,
2231 2849 2419 2896 eximia
2471 2850 2721 2915 quaedam
2773 2850 2966 2898 formae
3020 2849 3260 2897 tribuitur

689 2938 769 2986 vis
826 2945 876 2985 et
926 2946 1166 3002 potestas.
1254 2938 1408 3003 Apud
1461 2936 1723 2986 Romanos
1777 2938 1976 3002 pridem
2031 2937 2125 3001 (dc
2171 2936 2459 3000 primordiis
2495 2937 2622 2984 nihil
2658 2937 2798 2998 dico,
2854 2937 3093 3000 quoniam
3130 2953 3256 3000 quae

687 3024 844 3074 fuerit
873 3024 1003 3090 juris
1040 3025 1261 3075 conditio
1301 3026 1632 3092 ignoramus)
1686 3025 1952 3091 permagni
1999 3024 2215 3073 formam
2262 3025 2506 3074 momenti
2553 3025 2708 3074 fuisse
2750 3031 2964 3085 constat,
3017 3023 3167 3089 idque
3205 3023 3257 3072 in

685 3111 921 3179 plurimis
957 3112 1190 3178 negotiis
1278 3110 1553 3178 Quousque
1610 3112 1766 3163 solius
1814 3113 2009 3162 formae
2056 3111 2106 3161 in
2145 3111 2377 3162 civilibus
2415 3111 2700 3161 actionibus
2737 3109 2991 3162 adhibitae
3028 3118 3256 3178 potestas

690 3217 744 3250 se
785 3198 1091 3261 extenderit,
1129 3216 1282 3264 quum
1318 3208 1546 3251 veterum
1583 3200 1878 3252 testimonia
1914 3216 2009 3249 nec
2048 3199 2169 3250 satis
2207 3199 2340 3250 clare
2378 3206 2652 3265 aperteque
2689 3198 2975 3265 loquantur,
3031 3198 3094 3249 de
3131 3198 3254 3249 anti-

894 3376 940 3418 ²³)
966 3380 1005 3410 L.
1035 3375 1082 3410 77
1113 3379 1156 3410 de
1183 3379 1224 3409 R.
1253 3379 1284 3409 J.
1313 3376 1569 3417 (Papinianus.)
1622 3380 1760 3418 Fragm.
1789 3379 1902 3411 Vatic.
1931 3378 1948 3420 5
1976 3375 2059 3411 329.
2095 3398 2140 3402 —
2181 3380 2246 3410 sub
2274 3379 2473 3426 conditione
2502 3378 2657 3416 cognitor
2683 3387 2751 3409 non
2779 3382 2872 3410 recte
2899 3378 3013 3419 datur,
3042 3387 3111 3409 non
3141 3378 3253 3417 magis

689 3450 796 3482 quam
823 3442 1054 3482 mancipatur.

895 3526 940 3571 ²⁴)
968 3531 1068 3570 ipsas
1096 3530 1175 3562 ΧΠ.
1206 3529 1347 3562 tabulas
1375 3532 1511 3560 tantum
1538 3530 1579 3561 de
1607 3532 1716 3570 pretio
1744 3532 1860 3563 soluto
1889 3532 2035 3574 locutas,
2076 3532 2289 3572 prudentum
2329 3530 2616 3569 interpretatione
2652 3530 2806 3569 reliquas
2832 3529 3083 3561 satisfactionis
3115 3528 3253 3568 species

689 3590 856 3624 solutioni
884 3595 1093 3632 exaequatos
1122 3599 1214 3633 esse,
1245 3589 1455 3624 concludere
1484 3589 1562 3623 licet
1588 3595 1660 3625 tum
1689 3601 1728 3626 ex
1756 3602 1809 3635 eo,
1839 3594 1931 3634 quod
1959 3594 2060 3634 pretii
2088 3593 2193 3626 soluti
2220 3592 2353 3625 mentio
2381 3590 2541 3631 piurimis
2570 3590 2654 3623 iocis
2681 3590 2758 3624 sola
2785 3590 2943 3632 habetur,
2974 3594 3048 3623 tum
3076 3589 3158 3630 quia
3184 3589 3252 3622 Ju-

690 3653 805 3688 iianus
833 3655 867 3687 in
896 3653 935 3687 L.
965 3650 1011 3686 25
1040 3654 1055 3697 ᾗ
1088 3650 1129 3687 13
1157 3653 1199 3687 de
1228 3653 1356 3696 usust„
1386 3653 1415 3686 si
1444 3656 1581 3694 emptor
1608 3657 1744 3687 tautum
1770 3655 1993 3699 satisfecerit,
2022 3655 2056 3687 in
2086 3653 2253 3695 pendenti
2280 3661 2359 3686 esse
2386 3652 2579 3685 dominium
2607 3652 2771 3686 affirmat.
