3461 4168
1890 308 2001 375 ς4.

871 445 1303 512 Mancipationem
1342 444 1499 512 Gajus
1538 446 1601 509 (1.
1638 448 1750 509 113,
1774 446 1893 513 119)
1928 446 2282 512 imaginariam
2320 445 2577 511 quandam
2614 445 2837 511 appellat
2871 447 3238 510 venditionem,

647 532 893 581 venditor
931 533 1225 597 mancipare
1261 532 1345 581 vel
1381 532 1636 596 mancipio
1675 532 1813 593 dare,
1852 539 2053 597 emptor
2086 533 2343 598 mancipio
2381 531 2611 596 accipere
2647 530 2844 580 dicitur.
2907 531 2968 580 In
3005 549 3067 581 ea
3101 550 3239 599 emp-

652 618 795 666 tione
833 618 1133 667 venditione
1172 617 1412 666 adhibitis
1450 618 1648 667 civibus
1684 616 1932 668 Romanis
1984 617 2264 683 puberibus
2303 618 2527 684 quinque
2572 617 2789 667 testibus
2838 624 2891 667 et
2935 617 3238 683 libripende,

653 712 858 769 emptor
893 723 1019 767 rem,
1077 705 1118 753 si
1155 703 1359 753 mobilis
1397 712 1489 765 est,
1544 704 1628 753 vel
1664 703 1928 753 hominem
1964 703 2361 769 mancipandum
2396 713 2579 755 tenens
2616 703 2778 754 verba
2812 703 2972 753 haec:
3046 702 3237 766 „Hunc

653 808 752 856 ego
790 792 1052 840 hominem
1090 809 1155 840 ex
1185 793 1300 856 jure
1339 790 1610 850 Quiritium
1648 808 1820 838 meum
1859 808 1971 840 esse
2011 792 2107 856 ajo,
2161 792 2307 856 isque
2360 792 2485 840 mihi
2540 798 2740 855 emptus
2797 798 2911 839 esto
2965 791 3065 839 hoc
3119 808 3236 840 aere

652 893 918 942 aeneaque
954 878 1115 925 libra“
1151 879 1354 926 locutus
1389 878 1588 938 libram,
1644 894 1798 941 quam
1833 877 2080 941 libripens
2115 884 2271 937 tenet,
2327 894 2444 926 aere
2481 877 2700 942 percutit
2734 876 2889 940 idque
2927 893 3014 925 aes
3050 876 3139 926 dat
3176 877 3238 939 ei,

653 964 743 1028 qui
777 965 1049 1029 mancipat,
1090 965 1236 1029 quasi
1270 965 1422 1030 pretii
1457 965 1589 1013 loco.
1680 962 1875 1022 Quodsi
1922 963 2190 1028 praedium
2226 963 2624 1030 mancipandum
2661 970 2739 1012 est
2774 963 2859 1012 vel
2896 963 3130 1025 servitus,
3183 964 3237 1012 in

652 1050 886 1097 absentia
939 1067 1022 1099 res
1071 1052 1249 1117 peragi
1284 1059 1456 1116 potest
1494 1059 1545 1099 et
1579 1051 1726 1115 plura
1770 1050 1920 1097 simul
1972 1050 2267 1114 mancipari,
2322 1050 2444 1098 dum
2499 1051 2717 1099 mobiles
2772 1066 2854 1099 res
2903 1067 3009 1098 non
3062 1051 3236 1115 plures

649 1152 755 1185 uno
794 1143 1028 1203 tempore
1066 1139 1360 1204 mancipari,
1401 1154 1553 1202 quam
1593 1144 1719 1202 quot
1754 1152 1910 1184 manu
1947 1137 2060 1202 capi
2095 1144 2326 1201 possunt.
2350 1137 2401 1201 ⁸)

870 1242 1294 1308 Mancipatioenm
1332 1243 1580 1308 plurimae
1618 1259 1700 1290 res
1747 1259 1852 1290 non
1907 1243 2174 1307 recipiunt,
2231 1243 2416 1308 quibus
2470 1243 2824 1308 mancipandis
2876 1242 3002 1292 nihil
3056 1242 3236 1307 agitur.

647 1326 760 1374 Hae
798 1344 881 1376 res
917 1345 1013 1376 nec
1050 1330 1273 1394 mancipi
1309 1322 1575 1389 vocantur,
1631 1336 1812 1376 contra
1847 1344 1931 1376 res
1966 1328 2205 1393 mancipi,
2262 1345 2392 1393 quae
2445 1346 2538 1393 per
2590 1330 3022 1394 mancipationem
3075 1335 3237 1377 trans·

646 1415 896 1462 feruntur.
970 1414 1101 1464 Sunt
1137 1424 1307 1464 autem
1345 1433 1427 1464 res
1466 1416 1686 1480 mancipi
1723 1414 1934 1479 praedia
1968 1415 2021 1462 in
2058 1414 2236 1463 Italico
2276 1416 2403 1475 solo,
2451 1423 2556 1463 tam
2593 1415 2805 1476 urbana,
2844 1432 2997 1479 quam
3031 1414 3236 1475 rustica,

640 1501 762 1566 jura
797 1500 1126 1566 praediorum
1163 1503 1486 1563 rusticorum,
1523 1502 1667 1550 velut
1705 1502 1817 1561 iter,
1856 1508 2013 1562 actus,
2050 1502 2148 1563 via,
2187 1501 2537 1566 aquaeductus
2576 1502 2913 1564 (urbanorum
2949 1519 3054 1549 non
3075 1501 3236 1566 item),

649 1587 788 1636 servi
829 1594 879 1636 et
916 1586 1291 1652 quadrupedes,
1349 1603 1479 1652 quae
1518 1587 1651 1636 collo
1690 1586 1913 1636 dorsovc
1951 1586 2240 1646 domantur,
2299 1587 2475 1652 quales
2513 1594 2632 1636 sunt
2671 1587 2802 1652 equi,
2858 1587 3036 1648 boves,
3092 1587 3237 1648 asini,

560 1700 575 1710 .
648 1674 805 1733 muli3
863 1673 1122 1738 elephanti
1159 1681 1331 1722 tamen
1372 1681 1421 1722 et
1459 1674 1653 1734 cameli,
1691 1674 1811 1721 licet
1850 1673 1901 1721 hi
1941 1690 2146 1738 quoque
2177 1674 2528 1738 jumentorum
2568 1690 2777 1739 operam
2813 1680 3090 1738 praestent,
3137 1689 3235 1722 nec

643 1761 867 1825 mancipi
918 1768 1050 1809 sunt.
1077 1763 1126 1824 9)
1200 1758 1357 1824 Gajus
1412 1768 1666 1808 memorat
1722 1760 2127 1808 controversiam
2184 1761 2365 1825 agitari
2419 1761 2552 1809 inter
2614 1760 2741 1809 duas
2791 1760 3008 1821 scholas,
3062 1768 3235 1809 utrum

646 1846 802 1895 rebus
840 1847 1061 1912 mancipi
1093 1848 1328 1912 jumenta
1368 1854 1418 1895 et
1458 1854 1690 1894 armenta
1727 1847 1925 1895 ratione
1962 1846 2209 1895 nascendi
2247 1846 2615 1908 adscribantur,
2671 1864 2735 1894 an
2790 1846 2986 1895 domita
3040 1864 3100 1895 ea
3151 1847 3237 1895 vel

644 1950 758 1982 eam
799 1941 1034 1995 aetatem,
1084 1951 1183 1999 qua
1222 1933 1419 1983 domari
1458 1934 1672 1996 soleant,
1725 1940 1878 1982 nacta
1916 1950 2027 1982 esse
2067 1940 2315 1999 oporteat.
2405 1932 2537 1982 Illud
2576 1932 2854 1995 Sabiniani,
2909 1933 3008 1982 hoc
3046 1932 3234 1982 Procu-

641 2019 766 2068 liani
802 2020 1067 2085 putabant.
1140 2019 1388 2085 Ulpianus
1425 2020 1542 2069 talis
1580 2019 1963 2069 controversiae
2003 2020 2317 2069 mentionem
2354 2037 2459 2069 non
2497 2020 2633 2069 facit.

862 2126 1074 2176 Praeter
1110 2127 1204 2176 has
1240 2143 1323 2175 res
1358 2127 1581 2192 mancipi
1616 2127 1807 2174 liberae
1844 2143 2095 2191 personae
2132 2127 2503 2192 mancipantur,
2542 2126 2820 2174 dummodo
2853 2126 2954 2175 sint
2990 2126 3233 2192 potestati

643 2213 774 2262 alius
812 2214 896 2262 vel
926 2214 1030 2279 juri
1070 2213 1222 2262 simili
1260 2213 1536 2278 subjectae.
1609 2211 1698 2261 Sui
1745 2213 1875 2277 juris
1931 2213 2065 2260 enim
2113 2229 2361 2277 personas
2398 2213 2652 2278 mancipio
2709 2212 2818 2261 dari
2872 2230 3024 2278 posse
3079 2230 3232 2261 nemo

639 2307 873 2347 veterum
913 2299 1048 2347 dicit.
1138 2299 1318 2363 Itaque
1373 2300 1628 2363 mancipio
1686 2299 1873 2347 dantur
1919 2306 2027 2347 tum
2065 2298 2396 2359 filiifamilias,
2453 2299 2636 2362 quibus
2672 2316 2764 2363 per
2800 2299 3231 2363 mancipationem

640 2385 768 2433 illud
803 2387 1131 2451 mancipium,
1170 2385 1310 2451 quod
1348 2386 1608 2434 servitutis
1645 2386 1760 2433 loco
1800 2394 1891 2446 est,
1941 2394 2028 2433 aut
2065 2384 2390 2433 constituitur
2427 2392 2514 2433 aut
2548 2392 2789 2445 mutatur,
2837 2392 2945 2433 tum
2993 2383 3229 2447 feminae,

640 2488 773 2537 quae
809 2473 1188 2537 mancipatione
1225 2473 1324 2534 vel,
1379 2480 1435 2520 ut
1472 2472 1553 2539 hic
1601 2473 1901 2537 appellatur,
1957 2471 2279 2537 coemptione
2325 2472 2377 2518 in
2431 2489 2640 2519 manum
2694 2471 2862 2519 mariti
2900 2472 3229 2534 conveniunt,

639 2557 755 2617 nisi,
796 2557 936 2621 quod
974 2558 1136 2607 serius
1175 2574 1204 2606 a
1239 2553 1596 2622 prudentibus*
1619 2558 1887 2606 inventum
1925 2565 2016 2618 est,
2053 2556 2270 2605 fiduciae
2309 2574 2462 2605 causa
2496 2557 2555 2605 fit
2591 2559 2847 2622 coemptio
2887 2557 2950 2605 ad
2989 2558 3231 2606 evitanda

638 2642 891 2708 quaedam
927 2642 1259 2692 incommoda
1296 2659 1361 2691 ex
1399 2659 1553 2691 sexus
1590 2643 1790 2691 ratione
1846 2641 2076 2703 oriunda,
2132 2642 2273 2690 velut
2321 2629 2613 2691 testamenti
2660 2642 2880 2691 faciendi
2919 2651 3006 2691 aut
3042 2643 3227 2692 tutoris

636 2729 921 2793 reponendi
975 2730 1154 2795 gratio.
1245 2728 1514 2794 Coemptio
1571 2737 1741 2777 autem
1780 2745 1809 2776 a
1846 2729 2027 2777 ceteris
2074 2729 2537 2794 mancipationibus
2574 2747 2679 2777 non
2715 2746 2896 2794 parum
2935 2728 3118 2790 differt,
3173 2729 3226 2777 in

636 2815 812 2863 verbis
848 2815 1165 2878 praesertim,
1205 2815 1390 2879 quibus
1427 2822 1652 2862 utuntur.

854 2910 947 2962 Est
982 2920 1248 2978 praeterea
1283 2912 1505 2979 mancipi
1543 2912 1750 2975 familia,
1790 2927 1945 2977 quam
1981 2918 2290 2961 testamento
2328 2929 2421 2979 per
2459 2929 2545 2962 aes
2578 2920 2628 2961 et
2653 2912 2838 2960 libram
2857 2912 3223 2977 paterfamilias

630 2999 891 3064 mancipio
930 2998 1018 3048 dat
1052 3000 1271 3049 familiae
1310 3000 1542 3065 emptori.
1633 2998 1747 3059 Quo
1784 3006 2094 3048 testamento
2132 3017 2237 3049 non
2274 3000 2608 3066 mancipatur,
2664 3016 2794 3065 quae
2831 2999 2914 3048 res
2950 3016 3045 3048 nec
3081 3017 3221 3049 man-

631 3086 744 3152 cipe
783 3094 862 3135 est
901 3102 1117 3151 eamque
1174 3086 1239 3134 ob
1296 3103 1500 3136 causam
1537 3086 1590 3135 in
1621 3087 1735 3152 jure
1772 3093 1972 3134 tantum
2023 3085 2133 3135 cedi
2188 3094 2374 3152 potest,
2427 3085 2701 3147 hereditas,
2757 3085 2942 3151 quippe
2997 3086 3220 3137 viventis

627 3174 771 3222 nulla
807 3182 899 3235 est,
949 3190 1132 3223 verum
1169 3173 1474 3222 universitas
1510 3190 1846 3239 personarum
1901 3190 2174 3238 rerumque
2223 3173 2326 3239 juri
2380 3173 2641 3223 testatoris
2696 3173 3051 3238 subjectarum.
3141 3172 3218 3223 Ea

627 3261 976 3322 universitate,
1034 3259 1117 3308 cui
1153 3259 1375 3307 familiae
1413 3277 1600 3308 nomen
1639 3269 1730 3322 est,
1787 3260 1940 3308 etiam
1976 3260 2084 3324 ipse
2121 3261 2488 3325 paterfamilias
2526 3259 2828 3321 continetur,
2885 3277 3099 3325 eamque
3145 3259 3211 3309 ob

628 3363 852 3408 causam,
899 3347 1105 3396 tametsi
1156 3346 1256 3395 alia
1292 3361 1460 3410 neque
1496 3363 1717 3411 persona
1753 3363 1921 3412 neque
1960 3364 2041 3396 res
2079 3348 2302 3414 mancipi
2338 3349 2442 3397 ulla
2478 3347 2612 3410 insit,
2650 3347 2824 3414 utique
2861 3348 3084 3414 mancipi
3121 3355 3211 3397 est.

830 3509 859 3556 ⁸)
887 3512 962 3553 Gaj.
992 3514 1018 3546 1.
1049 3511 1130 3547 121.
1184 3514 1263 3556 υιρ.
1292 3513 1389 3546 xix.
1418 3509 1453 3546 6.

831 3577 862 3624 ⁰)
889 3580 966 3621 Gaj.
995 3582 1022 3613 1.
1055 3579 1134 3615 120.
1188 3583 1233 3615 11.
1268 3580 1325 3625 15,
1358 3578 1414 3615 16.
1467 3581 1545 3622 υιρ.
1575 3582 1667 3615 xix.
1701 3581 1729 3615 1.
