3461 4168
1555 149 1618 195 55

308 307 529 359 Publilio
554 303 764 353 -cuidam
803 304 867 352 ab
905 303 1113 351 homine
1147 303 1361 368 patricio
1396 303 1536 351 illata
1581 302 1764 367 injuria
1808 303 2129 351 occasionem
2176 302 2374 351 dedisse
2429 304 2603 364 fertur,
2628 303 2713 368 72)
2764 303 2869 351 lata

313 402 393 446 est
421 390 678 458 judicatos
715 398 766 440 et
798 405 966 440 nexos
1000 390 1151 438 simul
1186 395 1435 454 spectans.
1522 388 1669 438 Hanc
1704 389 1869 455 legem
1910 390 1993 437 alii
2029 389 2322 439 consulibus
2359 388 2410 438 C.
2447 388 2676 439 Poetelio
2716 397 2766 439 et
2799 389 2865 439 M.

312 476 518 544 Papirio
557 478 622 543 (a.
658 494 707 526 u.
744 478 892 542 429),
929 476 1013 523 alii
1050 475 1284 524 dictatori
1321 474 1373 525 C.
1410 475 1640 526 Poetelio
1680 477 1745 540 (a.
1781 493 1829 524 u.
1867 477 1989 540 441)
2027 476 2333 525 adscribunt.
2404 475 2670 542 Utcunque
2709 495 2763 526 se
2782 494 2865 527 res

311 565 482 626 habet,
517 572 696 613 nostra
728 563 1000 629 praecipue
1034 563 1260 624 interest,
1297 562 1418 628 quid
1455 562 1682 612 sanxerit
1715 563 1841 611 haec
1876 564 1963 611 lex
1998 561 2240 625 Poetelia,
2276 571 2332 611 ut
2372 564 2524 628 vulgo
2560 565 2864 612 nominatur.

309 650 450 702 Haec
486 658 619 714 sunt,
658 665 788 716 quae
823 657 1024 700 veteres
1056 656 1289 699 auctores
1325 648 1563 700 tradunt:
1591 630 1597 637 ⁸

512 757 620 808 Liv.
642 756 777 806 VIII.
800 759 877 807 28.
928 757 1004 807 Eo
1042 775 1177 807 anno
1213 757 1352 825 plebi
1379 755 1640 806 Romanae
1677 757 1819 807 velut
1857 756 1994 805 aliud
2032 757 2227 806 initium
2264 757 2513 806 libertatis
2549 757 2737 806 factum
2774 766 2863 821 est,

665 845 803 910 quod
838 846 974 895 necti
1010 847 1282 895 desierunt.
1336 854 1411 881 —‘
1455 842 1660 893 Victum
1709 863 1769 894 eo
1819 844 1900 893 die
1940 844 2005 892 ob
2043 844 2374 909 impotentem
2429 845 2578 893 unius
2632 845 2865 909 injuriam

663 934 843 999 ingens
878 934 1136 982 vinculum
1172 933 1324 981 fidei:
1373 932 1603 998 jussique
1641 933 1873 982 consules
1910 933 2043 980 ferre
2082 932 2145 980 ad
2180 933 2437 998 populum,
2490 950 2555 981 ne
2594 933 2722 998 quis,
2770 933 2867 980 nisi

664 1021 750 1087 qui
784 1037 977 1068 noxam
1013 1021 1295 1082 meruisset,
1351 1019 1513 1068 donec
1550 1034 1778 1085 poenam·
1801 1021 1979 1082 lueret,
2035 1019 2086 1066 in
2130 1020 2458 1085 compedibus
2495 1028 2582 1068 aut
2616 1021 2669 1067 in
2706 1034 2866 1067 nervo

660 1114 950 1156 teneretur:
1005 1106 1250 1171 pecuniae
1297 1106 1517 1156 creditae
1564 1107 1702 1156 bona
1746 1107 2004 1168 debitoris,
2058 1123 2163 1155 non
2202 1123 2384 1171 corpus
2422 1107 2702 1156 obnoxium
2740 1121 2867 1157 esse.

664 1194 741 1243 Ita
777 1195 898 1242 nexi
936 1194 1103 1255 soluti,
1140 1203 1446 1259 cautumque
1482 1196 1536 1242 in
1571 1202 1830 1259 posterum
1865 1212 1931 1242 ne
1966 1202 2306 1242 necterentur.

514 1280 681 1329 Varro
719 1281 781 1329 de
817 1280 871 1329 L.
908 1281 961 1329 L.
999 1280 1109 1329 VII.
1151 1284 1261 1331 105.
1331 1282 1498 1343 Liber,
1554 1281 1640 1346 qui
1688 1297 1803 1329 suas
1851 1298 2030 1346 operas
2074 1282 2125 1329 in
2175 1281 2470 1329 servitutem
2505 1298 2597 1347 pro
2634 1282 2865 1347 pecunia,

664 1384 764 1433 qua
801 1367 1028 1429 damnas,
1065 1367 1300 1429 debebat,
1338 1368 1458 1416 dum
1496 1368 1732 1429 solveret,
1768 1384 1929 1416 nexus
1966 1375 2193 1429 vocatur,
2231 1374 2286 1414 ut
2325 1367 2387 1414 ab
2426 1383 2539 1415 aere
2577 1368 2862 1417 obaeratus.

660 1454 773 1505 Hoc
809 1454 1008 1521 Popilio
1046 1472 1233 1505 vocare
1269 1455 1392 1505 Sillo
1431 1455 1677 1505 dictatore
1716 1454 1991 1520 (Huschkz
2027 1454 2140 1505 Hoc
2173 1453 2225 1504 C.
2250 1454 2467 1504 Poetilio
2504 1463 2714 1520 rogante
2752 1456 2862 1505 solo

658 1540 939 1607 dictatore)
994 1541 1249 1592 sublatum
1282 1558 1347 1591 ne
1384 1540 1545 1604 fieret,
1600 1548 1651 1591 et
1687 1540 1866 1603 omnis,
1920 1541 2004 1607 qui
2039 1540 2230 1591 bonam
2268 1540 2465 1606 copiam
2497 1540 2745 1606 jurarunt,
2799 1556 2862 1592 ne

660 1635 832 1678 essent
865 1628 1001 1690 nexi,
1045 1626 1289 1678 dissoluti.

509 1714 657 1763 Dion.
694 1714 893 1782 Fragm.
928 1714 1066 1767 XVI.
1105 1718 1149 1765 9.
1210 1717 1380 1780 Atque
1418 1715 1484 1763 ob
1521 1716 1656 1763 hunc
1693 1732 1865 1764 casum
1902 1717 2080 1777 cuncti,
2136 1716 2223 1780 qui
2262 1716 2328 1763 ob
2365 1732 2450 1763 aes
2488 1717 2706 1763 alienum
2741 1718 2862 1765 nexi

663 1811 821 1863 erant,
857 1803 970 1868 Iege
1005 1803 1109 1850 lata
1145 1803 1297 1850 soluti
1333 1802 1597 1867 pristinam
1632 1803 1919 1850 libertatem
1955 1811 2332 1867 recuperarunt.

512 1888 611 1938 Cic.
650 1888 714 1937 de
750 1905 854 1955 rep.
892 1889 953 1936 ΙΙ.
993 1891 1070 1936 34.
1160 1887 1327 1948 Quum
1385 1897 1503 1937 sunt
1553 1897 1764 1955 propter
1813 1890 1962 1937 unius
1996 1889 2257 1937 libidinem
2297 1890 2466 1936 omnia
2504 1904 2638 1936 nexa
2675 1890 2861 1937 civium

656 1977 886 2038 liberata,
922 1977 1216 2042 nectierque
1252 1984 1433 2042 postea
1468 1976 1698 2025 desitum.

518 2079 613 2132 His
667 2082 1000 2132 relationibus
1053 2090 1284 2132 veterum
1339 2090 1529 2132 attente
1583 2081 1916 2132 consideratis
1968 2083 2198 2148 interque
2253 2100 2307 2131 se
2364 2083 2682 2148 comparatis,
2735 2082 2862 2132 haec

302 2177 427 2235 puto
467 2186 530 2217 ex
562 2170 623 2217 iis
661 2170 829 2237 colligi
866 2188 1032 2236 posse.
1098 2170 1325 2217 Primum
1360 2171 1527 2237 legem
1557 2171 1770 2236 jussisse
1810 2187 1997 2232 omnes,
2036 2171 2122 2235 qui
2158 2169 2350 2216 bonam
2387 2170 2585 2236 copiam
2615 2171 2860 2236 jurarent,

303 2275 369 2304 ne
409 2266 578 2306 essent
614 2258 749 2319 nexi,
788 2258 933 2320 solvi,
971 2257 1155 2306 deinde
1194 2257 1484 2319 sanciendO,
1539 2275 1603 2306 ne
1658 2258 1771 2323 quis
1824 2258 1921 2306 nisi
1973 2258 2059 2323 qui
2112 2274 2303 2306 noxam
2357 2258 2639 2319 meruisset,
2695 2257 2858 2306 donec

302 2360 523 2409 poenam
559 2343 736 2405 lueret,
772 2343 824 2392 in
862 2342 1195 2409 compedibus
1233 2352 1319 2393 aut
1353 2345 1405 2393 in
1441 2361 1601 2393 nervo
1627 2351 1900 2406 teneretur,
1936 2343 2269 2409 prohibuisse,
2308 2343 2578 2409 quonimus
2614 2344 2859 2409 pecuniae

297 2428 510 2495 judicati
547 2430 768 2496 nexique
808 2429 896 2479 illa
928 2447 1096 2496 poena
1133 2430 1425 2481 hominibus
1461 2431 1634 2481 liberis
1673 2439 1723 2481 et
1750 2431 1980 2498 ingenuis
2012 2430 2219 2497 indigna
2239 2430 2600 2497 affligerentur,
2639 2431 2859 2497 denique

304 2516 514 2580 cavisse,
554 2535 620 2566 ne
658 2517 770 2584 quis
807 2517 1020 2584 posthac
1059 2518 1124 2568 ob
1162 2537 1247 2569 aes
1287 2519 1508 2569 alienum
1543 2527 1845 2582 necteretur,
1890 2519 2129 2585 pecuniae
2166 2517 2386 2568 creditae
2423 2519 2562 2568 bona
2598 2517 2860 2582 debitoris,

300 2621 407 2654 non
446 2621 629 2671 corpus
667 2605 949 2655 obnoxium
987 2623 1112 2656 esse.
1182 2606 1322 2657 Haec
1357 2614 1631 2672 postrema,
1678 2614 1735 2657 ut
1773 2624 1837 2656 ex
1872 2607 2038 2657 verbis
2075 2604 2322 2655 Varronis
2361 2607 2608 2671 consequi
2645 2606 2860 2668 videtur,

304 2692 576 2758 praecipue
614 2692 678 2741 ad
716 2710 895 2758 operas
941 2704 1057 2744 ante
1093 2695 1258 2761 legem
1295 2694 1426 2744 hanc
1478 2696 1634 2744 latam
1690 2714 1720 2743 a
1772 2696 2082 2744 debitoribus
2134 2693 2468 2759 praestandas
2521 2696 2858 2760 pertinebant.

301 2775 465 2829 Nemo
503 2777 637 2841 dicit,
674 2780 840 2846 ipsum
875 2798 1082 2843 nexum,
1120 2782 1258 2847 quod
1293 2800 1384 2848 per
1422 2799 1507 2831 aes
1545 2789 1596 2832 et
1630 2782 1811 2832 libram
1839 2782 2009 2843 fiebat,
2058 2781 2310 2831 sublatum
2361 2799 2488 2831 esse.
2576 2780 2753 2847 Neque
2806 2780 2860 2830 id

304 2867 639 2934 quamobrem
685 2868 845 2931 fieret,
900 2887 1053 2919 causa
1108 2878 1227 2919 erat.
1317 2868 1483 2930 Quare
1530 2871 1680 2919 etiam
1718 2870 1929 2937 posthac
1965 2869 2089 2918 nihil
2127 2868 2380 2931 obstabat,
2431 2869 2702 2934 quominus
2737 2869 2856 2919 nexi

303 2956 582 3004 solennitas
618 2964 959 3023 perageretur.
1026 2956 1193 3017 Quum
1229 2976 1352 3006 vero
1393 2959 1649 3007 damnatio
1690 2960 1896 3008 effectus
1934 2974 2051 3005 suos
2087 2957 2314 3022 insignes
2346 2958 2453 3022 jam
2490 2976 2594 3006 non
2631 2958 2851 3018 haberet,

303 3058 458 3106 quum
502 3061 597 3091 nec
632 3045 695 3093 lis
730 3044 994 3092 infitiando
1031 3044 1083 3091 in
1120 3044 1330 3108 duplum
1368 3054 1631 3107 cresceret,
1687 3062 1836 3109 quum
1881 3044 2099 3091 creditor
2146 3060 2210 3091 ne
2268 3045 2312 3091 ei
2368 3044 2569 3108 quidem
2624 3043 2852 3102 debitori,

304 3128 387 3193 qui
426 3128 521 3179 sibi
557 3147 763 3180 manum
800 3149 902 3180 non
942 3129 1218 3195 depelleret
1255 3138 1302 3180 et
1340 3149 1432 3196 pro
1472 3151 1524 3181 se
1560 3133 1671 3197 lege
1709 3139 1894 3197 ageret,
1951 3129 2087 3194 quod
2124 3131 2428 3195 permissum
2467 3138 2572 3180 erat
2605 3130 2713 3194 lege
2752 3127 2851 3177 Va-

300 3214 441 3277 leria,
495 3216 604 3282 ipse
640 3235 847 3267 manum
886 3218 1089 3284 injicere
1136 3227 1325 3283 posset,
1383 3219 1473 3268 sed
1519 3219 1721 3267 decreto
1757 3218 2004 3284 praetoris
2043 3217 2160 3266 duci
2199 3237 2313 3267 eum
2359 3219 2673 3285 permittente
2725 3234 2853 3282 opus

304 3311 454 3365 esset,
505 3322 660 3370 quum
697 3304 913 3371 denique
952 3305 1015 3354 ad
1052 3323 1232 3372 operas
1268 3307 1599 3372 praestandas
1637 3306 1836 3354 debitor
1873 3307 2110 3373 compelli
2140 3308 2247 3374 jam
2284 3325 2387 3356 non
2423 3313 2606 3372 posset,
2661 3322 2745 3353 eas
2784 3305 2850 3353 ob

303 3407 483 3440 causas
518 3393 681 3442 rarius
719 3393 771 3441 in
817 3393 925 3444 dies
970 3385 1158 3443 nexum
1202 3394 1391 3443 factum
1446 3403 1535 3458 est,
1591 3394 1973 3461 stipulationum
2028 3403 2078 3444 et
2130 3395 2290 3445 mutui
2343 3394 2615 3455 dationum,
2671 3393 2853 3458 quibus

304 3479 657 3544 stipulationes
695 3481 1093 3543 intercedebant,
1148 3499 1267 3530 usus
1320 3482 1631 3546 frequentior
1676 3499 1835 3547 usque
1875 3500 1986 3532 esse
2025 3485 2203 3548 coepit.
2290 3481 2353 3529 Et
2406 3497 2557 3544 quum
2614 3488 2855 3545 argentea

506 3638 552 3684 ⁷²)
578 3642 651 3675 Liv.
682 3643 775 3676 VIII.
805 3640 864 3676 28.
918 3645 1019 3677 Dion.
1050 3646 1071 3677 Ι.
1102 3655 1129 3677 c.
1183 3643 1255 3676 Cic.
1281 3645 1323 3677 de
1351 3653 1422 3684 rep.
1451 3644 1495 3675 11.
1524 3640 1582 3675 24.
1637 3644 1712 3676 Van.
1741 3645 1835 3678 Max.
1865 3646 1924 3678 VI.
1957 3643 1970 3677 l
2002 3645 2019 3688 ξ
2045 3642 2078 3677 9.
