3461 4168
1943 122 2009 171 54

885 275 968 324 Ex
994 276 1457 341 mancipationibus
1484 276 1638 342 igitur
1655 295 1780 327 vera
1813 278 1935 327 nexi
1974 277 2218 344 obligatio
2254 295 2360 328 non
2395 279 2716 340 nascebatur,
2755 299 2885 347 quae
2920 281 3240 344 nascebatur,

669 364 768 412 alia
802 380 858 412 re
895 363 1138 430 insignita
1176 371 1297 412 erat.
1385 362 1541 411 Aliud
1575 372 1750 413 tamen
1787 364 2111 414 statuendum
2149 382 2260 415 esse
2297 364 2500 414 videtur
2536 365 2599 416 de
2635 366 2723 417 illa
2758 367 3086 435 obligatione,
3142 385 3243 435 qua

669 451 820 500 heres
860 468 924 500 ex
961 459 1272 501 testamento
1309 468 1400 517 per
1437 468 1521 499 aes
1560 458 1612 499 et
1646 452 1831 502 libram
1876 452 2121 519 legatario
2166 452 2322 518 legati
2367 468 2460 519 per
2504 451 2887 502 damnationem
2938 457 3100 506 relicti
3151 473 3240 505 no-

667 538 805 585 mine
841 538 1129 599 tenebatur,
1184 546 1455 603 propterea
1491 537 1628 601 quod
1676 546 1727 587 et
1780 538 1990 587 damnas
2044 555 2156 587 esse
2204 538 2377 604 jussus
2433 545 2556 599 erat,
2610 545 2661 587 et
2714 537 2959 589 adversus
3014 559 3144 604 eum,
3198 543 3242 592 si

667 624 857 674 infitias
894 625 1006 687 iret,
1043 624 1198 673 modo
1237 631 1430 672 certum
1466 624 1699 672 relictum
1738 633 1887 687 esset,
1923 626 1973 675 in
2012 624 2225 692 duplum
2257 624 2319 673 lis
2356 624 2630 675 crescebat.
2711 623 2875 685 Quam
2921 626 2987 675 ob
3034 644 3240 679 causam

666 729 774 764 11011
812 712 1007 774 dubito,
1063 713 1182 787 quin
1237 712 1527 777 antiquituS,
1583 729 1738 777 quum
1792 730 1982 763 nexum
2034 712 2246 780 vigeret,
2297 711 2575 780 legatarius
2629 712 2875 764 adversus
2920 713 3163 764 heredem
3209 733 3241 766 a

665 808 914 851 testatore
953 800 1260 860 damnatum,
1317 807 1371 848 ut
1407 808 1598 848 certam
1644 801 1890 865 pecuniae
1939 817 2188 850 summam
2242 799 2479 862 solveret,
2533 818 2625 867 per
2677 818 2858 851 manus
2911 801 3238 868 injectionem

669 904 821 954 agere
859 887 1093 954 potuerit,
1149 903 1254 936 non
1308 887 1476 937 minus
1527 903 1679 952 quam
1723 887 1765 936 si
1802 888 1913 953 quis
1950 889 2001 937 in
2036 903 2171 937 nexo
2208 886 2443 937 faciendo
2482 895 2598 954 post
2634 895 2879 938 statutum
2914 897 3115 955 tempus
3151 907 3236 957 pe-

668 976 869 1026 cuniam
907 975 1026 1024 dare
1064 974 1276 1024 damnas
1307 975 1481 1039 jussus
1528 982 1676 1024 esset.
1766 973 1942 1026 Simile
1987 975 2105 1041 quid
2148 973 2373 1025 indicare
2418 975 2620 1025 videtur
2667 974 2844 1025 Aelius
2881 973 3056 1027 Gallus
3101 978 3236 1043 apud

666 1062 873 1112 Festum
910 1081 946 1111 3.
985 1081 1031 1111 v.
1120 1060 1338 1122 Nexum,
1393 1061 1480 1110 ubi
1524 1061 1573 1110 in
1612 1079 1799 1127 genere
1837 1081 2087 1113 nexorum
2123 1061 2425 1111 nominatim
2461 1062 2753 1112 testamenti
2789 1061 3064 1113 factionem
3101 1082 3235 1114 com·

663 1157 927 1200 memorat.

726 1304 732 1308 Ι
880 1235 1022 1286 Haec
1060 1234 1124 1285 de
1164 1234 1549 1301 obligationum,
1599 1235 1782 1300 quibus
1820 1237 2125 1303 mancipatio
2172 1235 2419 1302 originem
2473 1235 2644 1298 dabat,
2699 1237 2894 1303 origine
2947 1245 2999 1288 et
3051 1242 3235 1287 natura

666 1331 717 1372 et
752 1330 1019 1388 potestate.
1109 1321 1444 1371 Tollebantur
1486 1330 1655 1371 autem
1703 1323 2044 1388 obligationes
2078 1332 2181 1373 tam
2219 1340 2283 1371 ex
2319 1340 2455 1371 nexo
2494 1340 2645 1388 quam
2682 1340 2747 1373 ex
2782 1324 3035 1390 mancipio
3075 1332 3232 1386 ortae,

664 1410 794 1461 sicut
831 1418 1031 1460 ceterae
1070 1409 1423 1475 obligationes,
1462 1426 1617 1473 quum
1654 1410 1926 1472 solutione,
1963 1419 2070 1461 tum
2108 1409 2538 1474 compensatione,
2575 1410 2891 1473 confusione,
2937 1411 3231 1474 novatione,

664 1516 794 1564 quae
833 1499 1173 1563 stipulatione,
1218 1498 1627 1562 transcriptione,
1682 1499 1784 1545 litis
1822 1500 2193 1545 contestatione
2229 1499 2340 1545 fieri
2374 1507 2588 1562 poterat.
2677 1498 2952 1547 Praeterea
2983 1501 3230 1548 tolleban-

661 1594 746 1634 tur
782 1586 1083 1651 imaginaria
1120 1585 1371 1632 solutione
1407 1602 1499 1650 per
1537 1602 1622 1633 aes
1668 1593 1719 1633 et
1762 1586 1961 1647 libram,
2016 1594 2072 1633 ut
2117 1584 2285 1651 Gajus,
2339 1585 2423 1633 vel
2465 1586 2587 1633 nexi
2639 1587 2955 1647 liberat-ione,
3009 1594 3066 1634 ut
3117 1602 3231 1637 eam

661 1673 840 1723 Aelius
878 1671 1054 1723 Gallus
1099 1672 1331 1737 appellat.
1420 1670 1512 1721 Est
1560 1672 1685 1721 haec
1730 1672 1882 1722 tertia
1925 1673 2121 1737 species
2172 1688 2262 1738 per
2311 1688 2396 1722 aes
2441 1680 2491 1722 et
2534 1672 2717 1722 libram
2771 1681 3046 1739 gestorum,
3101 1689 3231 1738 quae

660 1776 853 1809 nexum
891 1776 996 1808 non
1033 1758 1226 1824 majore
1261 1758 1389 1823 jure,
1444 1775 1595 1822 quam
1633 1776 1734 1823 quo
1780 1759 2097 1823 acceptilatio
2147 1758 2402 1824 stipulatio
2457 1758 2557 1809 dici
2610 1766 2794 1824 potest,
2847 1759 3008 1809 multo
3061 1759 3230 1809 minus

661 1845 971 1910 mancipium
1010 1852 1101 1895 est.
1174 1842 1425 1904 Quoniam
1461 1863 1585 1894 vero
1624 1844 1686 1894 de
1724 1844 1891 1894 forma
1927 1853 1978 1895 et
2013 1863 2108 1895 usu
2145 1845 2291 1910 hujus
2329 1845 2597 1895 solutionis
2626 1845 2733 1910 jam
2771 1863 2924 1910 supra
2958 1844 3071 1911 §16
3094 1853 3145 1896 et
3168 1847 3227 1895 17

663 1931 913 1998 quaedam
951 1931 1105 1981 allata
1142 1939 1274 1993 sunt,
1310 1931 1407 1981 hoc
1443 1931 1558 1981 loco
1595 1932 1743 1997 plura
1779 1930 1967 1982 addere
2005 1951 2110 1982 non
2147 1932 2337 1983 attinet.

1877 2148 1903 2215 ς
1945 2150 2022 2196 24.

878 2283 971 2333 His
1006 2284 1236 2333 tractatis
1274 2293 1379 2332 tum
1417 2284 1477 2333 de
1517 2285 1727 2350 origine,
1766 2293 1873 2333 tum
1912 2284 1976 2333 de
2016 2302 2125 2343 usu,
2162 2291 2356 2344 natura,
2394 2285 2442 2332 vi
2481 2301 2672 2344 eorum,
2711 2301 2838 2348 quae
2876 2284 3010 2349 apud
3045 2283 3228 2333 Roma·

624 2360 626 2362 Ι
661 2390 756 2422 1103
793 2389 884 2438 per
922 2389 1007 2421 aes
1047 2380 1098 2421 et
1132 2372 1316 2422 libram
1353 2372 1648 2438 agebantur,
1685 2372 1811 2422 nihil
1842 2373 1949 2437 jam
1987 2372 2236 2436 reliquum
2273 2388 2383 2420 esse
2420 2370 2636 2433 videtur,
2673 2388 2822 2437 quam
2860 2380 2915 2420 ut
2951 2371 3228 2433 historiam,

663 2477 791 2527 quae
830 2459 929 2510 dici
966 2468 1152 2529 potest,
1190 2460 1415 2509 breviter
1449 2460 1826 2510 adumbremus.
1915 2459 1980 2509 Et
2018 2460 2235 2525 primum
2272 2458 2476 2526 quidem
2513 2458 2575 2508 de
2612 2476 2747 2508 nexo
2786 2457 3062 2510 videamus.
3150 2457 3228 2509 De

665 2566 784 2615 qu0,
820 2565 970 2616 quam
1006 2548 1234 2599 terribile
1272 2547 1420 2598 fuerit
1456 2549 1861 2616 pauperioribus,
1916 2548 2014 2608 vel,
2071 2556 2127 2596 ut
2162 2547 2335 2597 Livius
2372 2547 2540 2598 dicere
2579 2547 2724 2608 solet,
2776 2547 2916 2612 plebi
2951 2545 3228 2611 Romanae,

664 2644 714 2686 et
752 2635 1184 2704 quemadmodum
1223 2636 1557 2703 complurium
1595 2636 1903 2686 seditionum
1943 2652 2095 2684 causa
2131 2635 2264 2685 facta
2299 2635 2379 2696 sit,
2416 2652 2544 2703 quae
2583 2635 2856 2701 scriptores
2876 2652 3046 2685 rerum
3063 2643 3227 2703 gesta·

662 2740 776 2774 rum
812 2725 1148 2784 narraverint,
1186 2723 1389 2783 referre,
1427 2740 1581 2787 quum
1618 2740 1647 2771 a
1681 2724 1948 2790 proposito
1986 2723 2197 2772 nimium
2232 2723 2453 2783 recedat,
2500 2725 2551 2772 in
2590 2723 2761 2773 animo
2794 2739 2901 2772 non
2938 2729 3027 2772 est.
3099 2721 3227 2772 Tan-

662 2818 772 2858 tum
810 2810 873 2858 de
918 2811 1284 2861 mutationibus
1329 2810 1483 2874 ipsius
1537 2812 1754 2860 instituti
1809 2810 2058 2875 quaedam
2114 2827 2380 2875 exponam.
2471 2809 2626 2876 Gajus
2679 2810 2850 2870 refert,
2902 2810 3032 2874 lege,
3086 2809 3227 2874 quus

662 2913 855 2949 nomen
892 2897 943 2947 in
981 2896 1155 2947 codice
1192 2896 1295 2964 legi
1329 2914 1431 2945 non
1467 2905 1652 2963 potest,
1709 2905 1926 2964 excepto
1973 2896 2199 2962 judicato
2248 2904 2298 2945 et
2346 2913 2423 2957 eo,
2477 2913 2570 2965 pro
2626 2913 2725 2963 quo
2774 2896 3054 2963 depensum
3105 2902 3226 2959 erat,

663 2984 849 3036 ceteris
888 2983 1139 3046 omnibuS,
1197 3000 1311 3034 cum
1349 2984 1529 3049 quibus
1566 3002 1657 3050 per
1701 3001 1882 3035 manus
1935 2983 2260 3049 injectionem
2315 2991 2483 3033 actum
2540 2990 2690 3045 esset,
2742 2982 3046 3048 permissum
3100 2998 3226 3045 esse,

663 3070 760 3119 sibi
797 3087 1008 3119 manum
1045 3068 1299 3136 depellere
1338 3077 1387 3118 et
1423 3089 1513 3136 pro
1554 3090 1606 3120 se
1643 3071 1755 3137 lege
1795 3088 1959 3138 agere.
1985 3070 2067 3134 ⁷⁰)
2120 3068 2246 3118 Eam
2281 3070 2447 3135 legem
2486 3069 2638 3118 etiam
2675 3067 2740 3117 ad
2775 3084 2939 3117 nexos
2975 3067 3226 3134 pertinen-

662 3167 767 3207 tem
802 3158 1099 3209 Huschkius
1121 3159 1205 3223 ⁷¹)
1260 3159 1589 3223 probabiliter
1624 3160 1884 3208 Valeriam
1932 3176 2041 3207 esse
2080 3159 2375 3224 suspicatur,
2429 3159 2586 3206 latam
2633 3157 2878 3205 dictatore
2915 3155 2981 3205 M.
3018 3137 3224 3207 Valerio

665 3245 905 3310 Corvin0,
961 3264 1063 3314 qua
1108 3246 1409 3296 seditionem
1463 3247 1748 3297 debitorum
1803 3246 2141 3312 periculosam
2189 3245 2322 3312 apud
2359 3244 2552 3295 Victor.
2591 3243 2654 3294 de
2691 3243 2812 3293 viris
2856 3243 3034 3295 illustr.
3072 3245 3135 3293 29
3176 3251 3228 3294 et

664 3335 881 3401 Appian.
921 3335 982 3385 de
1029 3335 1134 3385 reb.
1175 3333 1385 3384 Samnit.
1428 3333 1462 3383 I.
1515 3338 1556 3397 l,
1598 3337 1625 3384 ‘2
1681 3341 2016 3385 memoratam
2053 3334 2379 3400 placaverint.
2471 3332 2662 3381 Eadem
2716 3332 2827 3398 lege
2882 3330 3019 3380 haud
3072 3331 3225 3382 dubie

650 3431 869 3472 cautum
908 3432 997 3486 est,
1035 3442 1099 3473 ne
1139 3423 1202 3472 lis
1243 3421 1486 3471 adversus
1523 3423 1821 3473 infitiantem
1861 3423 1911 3471 in
1949 3420 2154 3488 duplum
2195 3429 2459 3471 cresceret.
2533 3419 2649 3469 Alia
2693 3419 2802 3480 lex,
2858 3418 2937 3467 cui
2972 3419 3225 3486 impotens

869 3560 915 3604 ⁷⁰)
943 3563 1020 3602 Gaj.
1051 3562 1108 3596 W.
1138 3560 1196 3595 25.

868 3628 914 3672 ⁷¹)
941 3631 1117 3672 Huschke,
1148 3631 1256 3664 Recht
1283 3630 1344 3663 des
1373 3628 1511 3662 Noram
1540 3639 1569 3669 p.
1604 3627 1803 3663 143-147.
