3461 4168
1391 132 1454 180 31

143 288 415 348 efficiebat,
450 293 508 335 ut
542 286 821 336 dominium
855 304 963 336 non
999 285 1171 337 statim
1205 286 1319 351 ipsa
1352 285 1727 351 mancipatione
1762 283 2045 334 nausii-et?
2131 284 2345 336 Constat
2398 287 2534 337 enim
2585 303 2706 338 ven-

144 375 277 424 ditas
312 390 395 422 res
434 381 485 422 et
519 373 731 425 traditas
765 391 871 423 non
906 374 1054 423 aliter
1091 373 1309 437 emptori
1345 372 1548 436 acquiri,
1585 389 1737 437 quam
1776 371 1817 419 si
1854 371 1897 419 is
1933 369 2189 419 venditori
2225 373 2441 436 pretium
2476 374 2704 437 solverit,

142 461 227 512 vel
264 460 363 510 alio
401 460 556 511 modo
596 462 641 511 ei
677 461 993 523 satisfecerit,
1045 459 1205 509 veluti
1252 459 1627 524 expromissore
1676 465 1762 507 aut
1807 457 2021 523 pignore
2058 457 2193 520 dato,
2247 458 2395 523 idque
2432 461 2483 508 in
2520 461 2703 510 consti-

143 548 425 597 tutionibus
462 548 544 614 (ΙΙ.
586 552 629 610 1,
667 549 694 614 ξ
732 549 820 614 41)
858 547 1030 597 caveri
1065 545 1247 595 dicitur
1284 561 1348 594 ex
1383 546 1494 611 lege
1528 545 1639 595 XII.
1675 545 1979 595 tabularum.
2050 543 2188 594 Juris
2225 545 2498 610 prudentes
2535 556 2704 597 autem

145 643 444 697 statuerunt,
494 636 644 684 etiam
692 637 735 685 si
769 633 1009 685 venditor
1043 632 1199 681 fidem
1237 632 1478 697 emptoris
1519 640 1721 682 secutus
1758 630 1924 692 fuerit,
1980 648 2086 680 rem
2124 632 2367 697 emptoris
2402 633 2525 682 fieri.
2613 634 2705 684 Illa

143 721 257 773 ΧΠ.
295 723 582 773 tabularum
619 723 843 790 vulgaris
879 722 1213 787 interpretum
1252 719 1422 785 opinio
1459 720 1522 770 ad
1558 718 1985 785 mancipationem
2023 727 2172 784 atque
2203 719 2253 770 in
2280 720 2393 786 jure
2423 721 2703 772 cessionem

144 813 333 860 referre
370 828 475 859 non
513 811 725 873 dubitat,
781 827 935 874 quum
980 808 1277 874 praesertim
1314 809 1549 872 permulti
1584 824 1795 873 prorsus
1830 815 2032 871 negent,
2069 808 2165 857 illis
2201 808 2518 874 temporibus
2549 810 2705 859 solius

144 898 446 959 traditionis,
485 899 715 962 quamvis
747 898 887 962 justa
923 912 987 944 ex
1024 912 1176 944 causa
1211 895 1389 955 factae,
1428 912 1537 943 eam
1557 896 1660 944 vim
1692 894 1865 955 fuisse,
1902 902 1955 942 ut
1985 894 2081 942 nisi
2101 895 2373 944 accedente
2395 896 2703 961 usucapione

146 981 212 1032 ad
249 984 527 1033 dominium
565 1002 734 1034 rerum
770 999 865 1032 nec
901 983 1120 1048 mancipi
1157 981 1553 1046 comparandum
1593 981 1863 1031 sufficeret.

362 1088 418 1137 In
448 1086 564 1155 Gaji
599 1088 1001 1136 institutionibus
1039 1087 1291 1136 sententia
1326 1087 1423 1134 hoc
1457 1087 1569 1135 loco
1607 1087 1762 1135 instit.
1792 1085 1976 1134 Justin.
2015 1103 2256 1150 expressa
2291 1105 2395 1136 non
2432 1089 2705 1150 invenitur,

147 1175 199 1225 id
238 1177 373 1242 quod
411 1178 627 1225 fortasse
662 1176 889 1238 lacunae,
945 1176 1075 1225 forte
1118 1175 1169 1223 in
1207 1173 1291 1222 lib.
1329 1173 1389 1222 II.
1430 1174 1454 1240 ξ
1493 1176 1556 1223 20
1594 1183 1680 1223 aut
1714 1174 1800 1222 lib.
1838 1173 1923 1221 111.
1962 1173 1988 1240 ξ
2032 1177 2141 1236 141,
2197 1176 2571 1224 attribuendum
2610 1183 2699 1225 est.

144 1263 215 1313 At
253 1265 540 1329 complures
585 1262 668 1312 alii
711 1264 810 1313 loci
858 1264 1073 1313 eandem
1127 1263 1403 1323 continent,
1457 1280 1671 1326 quorum
1725 1269 1929 1326 praeter
1966 1261 2234 1327 Theophili
2270 1264 2601 1328 paraphrasin
2639 1262 2703 1312 ad

143 1350 309 1417 legem
348 1349 754 1414 decemviralem,
803 1368 930 1417 quae
968 1368 1081 1399 eam
1119 1349 1358 1410 sanxerit,
1412 1350 1577 1398 nullus
1632 1356 1894 1415 provocat.
1982 1348 2057 1398 Ea
2111 1366 2191 1398 res
2245 1351 2470 1415 pluribus
2525 1368 2701 1399 ansam

147 1436 311 1499 dedit,
360 1446 416 1487 ut
451 1436 560 1487 XII.
599 1439 799 1488 tabulas
836 1439 936 1488 tale
974 1436 1093 1504 quid
1132 1436 1438 1486 continuisse
1474 1444 1750 1503 negarent:
1806 1437 2066 1486 inventam
2106 1454 2215 1486 esse
2254 1439 2478 1503 regulam
2515 1456 2545 1486 a
2574 1439 2701 1504 juris

143 1525 388 1575 consultis
427 1526 816 1576 observantibus
866 1543 976 1575 eam
1031 1525 1249 1575 naturali
1303 1524 1537 1589 aequitati
1593 1532 1642 1574 et
1689 1525 1791 1590 juri
1846 1525 2072 1590 gentium
2127 1534 2521 1574 consentaneam
2577 1543 2700 1575 esse.

140 1609 316 1678 Itaque
353 1612 477 1663 Otto
514 1615 565 1663 in
604 1622 873 1663 comment.
909 1613 1064 1662 instit.
1104 1612 1165 1661 ΙΙ.
1204 1612 1229 1679 ξ
1259 1615 1319 1660 41
1359 1620 1500 1677 putat
1534 1613 1711 1678 regula
1745 1620 1922 1660 nostra
1959 1613 2260 1678 principium
2289 1622 2433 1662 vetus
2464 1614 2699 1679 generale

143 1716 439 1764 expressum
478 1719 604 1763 esse,
643 1702 920 1750 secundum
959 1700 1095 1765 quod
1134 1717 1335 1748 omnem
1376 1700 1731 1747 alienationem
1767 1716 1859 1765 per
1895 1717 1981 1747 aes
2018 1708 2070 1748 et
2103 1701 2284 1747 libram
2324 1700 2396 1763 (id
2433 1701 2699 1749 institutio-

140 1803 232 1834 nes
269 1788 481 1835 vertisse
519 1789 681 1852 pretio
721 1789 910 1852 soluto)
949 1788 1081 1835 effici
1119 1794 1390 1852 oporteret.
1461 1785 1524 1834 Et
1558 1785 1755 1834 Puchta
1791 1787 1843 1834 in
1883 1804 2031 1835 cursu
2067 1787 2221 1838 instit.
2251 1786 2310 1834 II.
2342 1786 2367 1852 ξ
2398 1789 2490 1835 241
2532 1797 2634 1835 not.
2664 1788 2696 1835 f.

142 1874 446 1921 sententiam
482 1874 593 1922 XII.
629 1875 814 1923 tabulis
856 1875 1100 1923 sancitam
1148 1891 1253 1921 non
1303 1890 1411 1920 csse
1466 1881 1604 1920 ratus
1657 1874 1824 1938 legem
1879 1873 2009 1921 forte
2063 1874 2217 1921 fuisse
2274 1883 2514 1934 autumat,
2570 1892 2696 1938 quae

140 1959 354 2025 loquens
392 1960 454 2010 de
492 1961 864 2027 mancipatione
902 1962 1005 2011 vim
1043 1960 1193 2027 hujus
1231 1968 1371 2009 actus
1410 1959 1630 2008 solennis
1668 1977 1733 2008 ex
1772 1977 1831 2008 ea
1877 1977 1931 2008 re
1979 1960 2200 2026 pendere
2241 1961 2488 2027 jussisset,
2542 1969 2597 2009 ut
2633 1960 2697 2008 ad

139 2046 446 2095 solutionem
483 2048 828 2113 imaginariam
866 2049 1172 2097 raudusculo
1211 2048 1328 2095 dato
1368 2048 1594 2095 effectam
1632 2064 1755 2096 vera
1779 2047 1966 2096 solutio
1999 2058 2086 2097 aut
2112 2050 2388 2097 satisfactio
2420 2048 2696 2097 accederet.

137 2130 382 2181 Nonnihil
418 2133 687 2198 adjuvatur
722 2135 807 2182 illa
842 2135 1015 2199 opinio
1053 2135 1104 2183 in
1141 2134 1263 2199 ipsis
1299 2133 1408 2181 XII.
1445 2133 1629 2182 tabulis
1664 2135 1909 2199 regulam,
1967 2134 2030 2183 de
2086 2152 2184 2199 qua
2239 2136 2415 2201 agitur,
2470 2151 2695 2200 compre-

137 2218 350 2268 hensam
386 2238 491 2269 non
527 2221 682 2270 fuisse
721 2221 1133 2283 existimantium,
1172 2219 1308 2286 quod
1343 2220 1490 2269 lectio
1540 2236 1657 2282 „ex
1693 2220 1805 2287 lege
1842 2215 1953 2270 XII.
1989 2222 2308 2271 tabularum“
2346 2222 2397 2270 in
2436 2222 2694 2271 codicibus

139 2306 513 2354 institutionum
550 2309 701 2372 longe
739 2308 967 2372 pluribus
1003 2308 1278 2372 praevalet,
1335 2308 1404 2354 ita
1454 2315 1509 2354 ut
1561 2306 1794 2355 doctrina
1840 2309 1954 2372 Jure
2009 2310 2354 2357 consultorum
2411 2326 2475 2356 ex
2522 2318 2691 2357 mente

138 2392 266 2457 legis
303 2401 546 2458 usurpata
583 2411 693 2442 esse
729 2393 975 2442 videatur.
1048 2392 1149 2441 Sed
1185 2393 1609 2459 praepositionem
1649 2408 1714 2442 ex
1740 2395 2035 2459 saepissime
2065 2395 2339 2456 abundare,
2378 2393 2692 2445 Schraderus

135 2478 199 2528 ad
229 2479 275 2528 h.
297 2480 327 2529 l.
367 2480 621 2530 admonet.
692 2482 858 2548 Atque
897 2499 1050 2548 quum
1087 2481 1381 2531 testimonio
1417 2480 1639 2548 legitimo
1678 2482 1889 2531 caveri
1924 2481 1976 2531 id
2014 2498 2078 2531 ex
2116 2482 2229 2549 lege
2263 2481 2373 2533 XII.
2404 2482 2695 2532 tabularum

134 2567 477 2631 perhibeatur,
515 2586 768 2634 quumque
800 2569 1068 2635 Theophili
1108 2570 1457 2635 interpretatio
1494 2584 1732 2633 expresse
1761 2570 1855 2635 ipsi
1875 2571 1975 2635 legi
1995 2572 2301 2619 sententiam
2322 2570 2694 2636 adscribat,²²)

138 2654 302 2702 omnis
341 2654 464 2702 mihi
503 2655 705 2704 videtur
741 2657 1056 2705 removenda
1093 2675 1204 2706 esse
1243 2656 1503 2705 dubitatio.

352 2752 718 2804 Verumtamen
759 2755 852 2803 etsi
890 2753 1000 2804 XII.
1036 2754 1237 2805 tabulas
1274 2755 1336 2803 de
1375 2770 1541 2803 rerum
1568 2753 1887 2803 venditarum
1914 2755 2157 2817 dominio,
2195 2756 2293 2805 nisi
2325 2756 2491 2806 soluto
2528 2756 2693 2822 pretio

138 2845 226 2888 aut
262 2840 604 2890 satisfactione
642 2841 739 2890 alia
777 2851 1065 2904 consecuta,
1120 2861 1224 2892 non
1277 2840 1625 2892 transferendo
1681 2841 1867 2906 aliquid
1922 2842 2159 2891 statuisse
2214 2860 2421 2892 censere
2478 2850 2693 2909 oportet,

137 2942 290 2989 quum
328 2927 451 2992 ipsis
489 2927 659 2976 verbis
695 2927 823 2994 legis
860 2927 1159 2978 desideratis
1195 2930 1246 2977 in
1285 2927 1555 2978 Justiniani
1590 2929 1990 2977 institutionibus
2021 2938 2222 2979 vet-eres
2255 2931 2479 2979 actiones
2504 2931 2690 2989 civiles,

134 3020 191 3060 ut
225 3014 655 3079 mancipationem
693 3015 829 3064 etin
874 3016 987 3081 jure
1043 3018 1341 3078 cessionem,
1397 3016 1592 3066 silentio
1646 3018 2088 3081 praetereuntibus
2141 3018 2441 3067 relationem
2494 3025 2687 3066 tantum

135 3099 430 3161 habeamus,
466 3102 591 3150 nihil
626 3102 897 3168 prohibere
946 3104 1162 3167 videtur,
1218 3106 1484 3170 quominus
1528 3123 1631 3153 non
1680 3105 1843 3153 solum
1881 3104 1944 3153 de
1980 3105 2270 3167 traditione,
2325 3123 2498 3154 verum
2537 3104 2687 3152 etiam

136 3186 199 3235 de
237 3188 610 3254 mancipatione
649 3199 699 3240 et
734 3191 785 3240 in
832 3192 945 3258 jure
1003 3193 1234 3243 cessione
1282 3194 1443 3260 ipsam
1489 3193 1650 3259 legem
1699 3192 1919 3242 sensisse
1957 3194 2041 3242 vel
2079 3194 2298 3243 locutam
2338 3209 2444 3241 esse
2481 3191 2687 3239 arbitre-

134 3293 260 3324 mur.
351 3274 512 3336 Quam
550 3281 852 3329 sententiam
889 3280 1043 3330 modo
1082 3281 1188 3331 dixi
1233 3283 1492 3349 vulgarem
1542 3299 1665 3331 esse.
1754 3280 1879 3330 Mihi
1935 3291 2073 3331 recta
2124 3301 2227 3332 non
2281 3280 2508 3330 videtur:
2562 3287 2683 3345 puto

133 3364 302 3430 legem
341 3365 501 3412 solam
537 3365 878 3431 traditionem,
922 3387 1038 3417 non·
1063 3369 1236 3419 civiles
1274 3371 1496 3419 actiones
1531 3369 1832 3435 respexisse.
1904 3367 2129 3419 Primum
2169 3370 2299 3418 enim
2337 3365 2684 3415 animadverto

135 3452 284 3502 istam
319 3452 421 3518 legi
458 3454 771 3519 suppositam
808 3458 1110 3507 sententiam
1148 3469 1319 3525 aperte
1355 3475 1578 3526 pugnare
1616 3475 1730 3506 cum
1784 3460 1961 3526 regula
2006 3459 2133 3525 juris
2188 3456 2344 3504 civilis
2391 3454 2686 3516 certissima,

340 3617 385 3663 ²²)
411 3620 566 3662 Theoph.
595 3623 639 3655 ad
665 3623 698 3655 h.
728 3623 750 3655 1.
781 3642 826 3648 -
855 3621 961 3659 rouro
991 3625 1032 3659 δὲ
1060 3625 1124 3659 καὶ
1153 3629 1205 3673 τῷ
1232 3625 1529 3671 δυωδεκαδέλτῳ
1558 3622 1806 3671 διηγόρευται
1833 3623 1938 3673 νόμῳ
1967 3644 2023 3659 -.
