3461 4168
1512 879 1552 982 ’ξ
1595 919 1637 964 1.

291 1043 472 1132 Mihi
506 1083 560 1131 in
596 1083 767 1130 animo
806 1088 898 1140 est,
935 1078 997 1128 'de
1036 1079 1230 1144 origine
1267 1079 1489 1128 scribere
1528 1087 1579 1127 et
1613 1088 1798 1128 natura
1835 1097 2027 1140 eorum,
2066 1098 2193 1143 quae
2223 1080 2357 1144 apud
2386 1089 2586 1128 veteres
2604 1080 2868 1129 Romanos

290 1188 383 1232 per
420 1188 506 1218 aes
544 1177 595 1216 et
628 1167 815 1235 libram
852 1166 1150 1230 agebantur.
1220 1166 1373 1229 Apud
1410 1168 1790 1230 antiquissimos
1826 1166 2089 1213 Romanos
2125 1169 2366 1232 pleraque
2406 1169 2745 1233 comperimus
2783 1170 2868 1214 vel

292 1257 465 1303 omnia
498 1256 606 1301 fere
641 1254 852 1319 negotia
887 1253 952 1299 ad
999 1253 1128 1318 juris
1164 1254 1349 1317 privati
1384 1254 1633 1301 rationem
1680 1254 1850 1320 aliquo
1895 1253 2053 1301 modo
2101 1254 2421 1319 pertinentia,
2479 1268 2607 1319 quae
2662 1253 2867 1319 quidem

288 1358 396 1390 non
430 1341 640 1389 minime
685 1347 859 1389 essent
903 1339 1167 1401 momenti,
1220 1354 1312 1405 per
1366 1354 1450 1387 aes
1491 1346 1539 1388 et
1574 1340 1755 1389 libram
1794 1340 1930 1390 facta
1967 1356 2095 1403 esse,
2153 1356 2265 1390 eam
2320 1339 2741 1392 consuetudinem
2797 1339 2869 1389 vi-

289 1429 476 1495 guisse,
513 1428 635 1476 dum
670 1427 834 1476 libera
867 1427 963 1475 fuit
997 1426 1300 1492 respublica,
1345 1427 1594 1475 mansisse
1631 1427 1997 1492 imperatorum
2034 1435 2216 1490 aetate,
2272 1444 2393 1477 nec·
2418 1427 2558 1493 prius
2605 1444 2756 1492 quam
2800 1427 2864 1476 ab

288 1515 598 1581 imperatore
635 1513 944 1576 Justiniano,
982 1531 1137 1579 quum
1167 1513 1276 1579 jam
1294 1510 1581 1562 Romanum
1616 1531 1721 1563 non
1753 1523 1902 1577 esset,
1943 1514 2034 1564 sed
2054 1514 2308 1565 Graecum
2340 1516 2625 1581 imperium,
2662 1516 2865 1580 penitus

290 1619 403 1652 esse
443 1602 709 1653 sublatam.
780 1601 946 1669 Hujus
982 1602 1057 1650 rei
1095 1618 1301 1650 causam
1338 1601 1687 1666 rationemque
1725 1603 2085 1667 quaerentibus
2122 1603 2220 1651 hoc
2256 1603 2369 1652 fieri
2404 1620 2510 1652 non
2548 1611 2721 1669 potest
2745 1604 2866 1670 quin

287 1690 439 1739 nobis
474 1691 528 1738 in
563 1697 789 1738 mentem
828 1696 1075 1749 occurrat,
1131 1688 1252 1736 olim
1292 1704 1446 1752 quum
1484 1704 1647 1752 neque
1685 1696 1978 1755 argenteam
2016 1706 2181 1755 neque
2220 1706 2428 1738 auream
2465 1690 2679 1739 haberet
2713 1707 2863 1755 pecu·

287 1776 426 1824 niam
462 1775 684 1824 necdum
721 1791 837 1823 aere
876 1775 1075 1841 signato
1112 1791 1262 1823 usum
1301 1791 1410 1823 esse
1449 1791 1563 1822 aere
1598 1774 1711 1822 rudi
1746 1775 1992 1841 populum
2027 1774 2330 1838 Romanum,
2387 1775 2523 1841 quod
2572 1793 2726 1840 quum
2765 1776 2863 1825 alia

289 1862 398 1929 ejus
436 1861 668 1912 solvendi
705 1878 810 1910 non
849 1868 985 1911 esset
1021 1861 1181 1927 copia,
1242 1859 1637 1927 appenderetur:
1690 1877 1785 1911 nec
1822 1860 1973 1924 illico,
2029 1878 2184 1927 quum
2230 1879 2259 1911 a
2308 1860 2487 1912 Servio
2526 1860 2693 1912 Tullio
2741 1880 2861 1929 rege

286 1948 546 2015 pecudum·
578 1949 714 1999 notis
752 1965 838 1998 aes
876 1956 1011 1998 esset
1059 1948 1328 2015 signatum,
1382 1947 1680 2014 pondusque
1736 1955 1787 1998 et
1840 1965 1954 1997 cum
2010 1948 2239 2015 pondere
2294 1949 2515 2014 pretium
2567 1949 2863 2014 indicatum,

285 2036 472 2085 libram
507 2036 663 2085 fuisse
696 2052 1144 2101 supervacaneam,
1180 2043 1452 2100 propterea
1488 2043 1594 2084 tum
1630 2035 1767 2100 quod
1804 2036 2058 2102 signatum
2089 2053 2190 2099 aes,
2227 2037 2373 2085 initio
2403 2037 2722 2102 praesertim,
2759 2055 2865 2087 non

288 2123 562 2186 sufficeret,
599 2131 707 2172 tum
748 2122 886 2188 quod
921 2121 1150 2189 pondere
1188 2122 1377 2171 assium
1415 2123 1612 2189 saepius
1648 2130 1843 2172 mutato
1882 2140 2037 2189 quum
2077 2122 2257 2172 eadem
2293 2131 2419 2172 nota
2449 2123 2635 2190 signati
2662 2123 2866 2174 diversa

288 2227 443 2275 quum
479 2209 711 2276 pondera
747 2217 855 2259 tum
893 2210 1058 2275 pretia
1091 2209 1342 2258 habentes
1380 2210 1528 2258 simul
1562 2210 1613 2258 in
1659 2227 1756 2258 usu
1804 2218 1989 2271 essent,
2047 2228 2146 2275 qua
2198 2210 2367 2259 forma
2421 2219 2593 2259 essent
2633 2212 2864 2275 percussi

286 2316 392 2347 non
429 2297 575 2346 facile
614 2297 878 2346 oculorum
917 2296 1099 2346 obtutu
1135 2296 1534 2364 dignosceretur,
1581 2305 1688 2344 tum
1725 2296 1942 2363 denique
1980 2297 2118 2363 quod
2166 2298 2319 2345 etiam
2367 2298 2698 2346 finitimarum
2744 2299 2862 2347 civi-

285 2392 449 2435 tatum
483 2384 706 2434 nummis
742 2385 922 2450 procul
957 2383 1113 2434 dubio
1150 2382 1371 2434 Romani
1406 2392 1682 2447 uterentur,
1718 2385 1789 2434 ita
1823 2392 1878 2434 ut
1899 2382 2055 2451 Gajus
2088 2400 2355 2433 aereorum
2390 2402 2720 2434 nummorum
2756 2385 2862 2435 vim

287 2479 339 2520 et
372 2478 683 2538 potestatem
718 2489 824 2520 non
861 2472 912 2520 in
949 2489 1181 2534 numero,
1219 2472 1310 2522 sed
1345 2472 1398 2521 in
1433 2471 1658 2537 pondere
1695 2471 1849 2520 fuisse
1885 2488 1991 2520 non
2029 2471 2228 2520 dubitet
2265 2471 2538 2524 affirmare.
2608 2469 2677 2521 Et
2712 2488 2865 2521 aerea

285 2557 491 2624 quidem
527 2559 744 2625 pecunia
779 2558 974 2608 tamdiu
1010 2576 1132 2608 usus
1172 2566 1249 2608 est
1283 2559 1503 2625 populus
1538 2558 1812 2620 Romanus,
1851 2557 2092 2622 quamdiu
2128 2557 2345 2620 mediae,
2396 2575 2547 2623 quam
2583 2557 2739 2608 hodie
2776 2575 2863 2607 vo-

285 2652 417 2707 cant,
455 2644 630 2695 Italiae
666 2645 854 2695 finibus
891 2646 1161 2712 imperium
1199 2646 1570 2707 continebatur,
1609 2646 1687 2694 cui
1725 2654 1993 2710 postquam
2031 2643 2234 2711 Pyrrho
2274 2662 2398 2710 rege
2435 2644 2638 2695 devicto
2676 2663 2865 2712 magna

285 2732 500 2781 accessit
554 2730 782 2793 Graecia,
839 2750 880 2781 a.
927 2751 974 2781 u.
1013 2735 1129 2794 485,
1186 2733 1406 2797 quinque
1444 2733 1588 2781 annis
1625 2740 1740 2780 ante
1771 2732 1988 2796 primum
2033 2731 2227 2780 bellum
2271 2730 2538 2793 Punicum,
2590 2740 2862 2796 argenteos

285 2827 566 2884 coeperunt
600 2837 839 2867 nummos
877 2819 1077 2881 cudere,
1116 2819 1298 2885 quibus
1336 2837 1460 2866 mox
1497 2820 1634 2867 aurei
1682 2826 2017 2866 accesserunt.
2106 2817 2207 2867 Per
2259 2826 2428 2867 totum
2481 2818 2607 2867 illud
2660 2826 2862 2885 tempus

283 2906 519 2969 quotiens
556 2906 801 2971 pecuniae
841 2923 1038 2955 summa
1073 2923 1178 2954 non
1217 2898 1427 2954 minima
1463 2905 1707 2954 solvenda
1744 2912 1864 2966 erat,
1917 2905 2050 2952 libra
2088 2905 2418 2955 adhiberetur
2462 2922 2674 2955 necesse
2721 2905 2858 2954 vide·

281 2990 448 3039 batur.
522 2990 673 3049 Quod
710 3000 760 3040 et
790 2993 1071 3057 compluria
1084 2993 1262 3060 yerba,
1297 2972 1354 3038 iit
1376 2991 1766 3057 dispensatores,
1805 3008 2048 3055 expensa,
2087 2992 2443 3057 expensilatio,
2482 2991 2855 3056 compendium,

283 3075 623 3142 dispendium,
660 3078 935 3145 impendia,
972 3078 1278 3145 dependere,
1315 3078 1625 3145 libripendes
1665 3077 1912 3143 (militum
1951 3078 2096 3144 stipis
2133 3078 2496 3144 ponderandae
2533 3079 2855 3143 pensatores)

279 3170 546 3227 testantur,
585 3174 636 3215 et
670 3175 872 3216 veteres
911 3174 1145 3215 auctores
1183 3167 1342 3216 semel
1379 3174 1429 3215 et
1466 3167 1666 3233 saepius
1703 3165 2048 3232 affi1·mant.²)

495 3251 642 3302 Hanc
681 3254 746 3303 ob
786 3272 993 3304 causam
1032 3255 1268 3320 quotiens
1305 3255 1569 3321 negotium
1604 3253 1891 3320 gerebatur,
1950 3254 2030 3302 cui
2077 3255 2322 3320 pecuniae
2368 3253 2740 3301 interveniebat
2776 3270 2854 3301 so-

277 3339 419 3401 lutio,
457 3340 521 3387 ab
560 3357 621 3388 eo
658 3342 885 3409 negotio,
924 3343 966 3390 si
1002 3342 1206 3409 quidem
1241 3341 1296 3389 id
1332 3350 1579 3410 ageretur,
1615 3348 1671 3388 ut
1705 3358 1810 3387 non
1845 3340 2125 3390 referretur
2153 3341 2465 3390 adfuturum
2496 3347 2713 3406 tempus,
2754 3339 2844 3389 sed

481 3505 509 3548 ²)
543 3506 665 3549 Agunt
703 3509 746 3541 de
787 3509 852 3542 hac
878 3519 916 3544 re
942 3512 1144 3545 nummaria
1170 3515 1206 3544 et
1232 3511 1276 3545 de
1302 3512 1436 3544 ratione
1463 3519 1525 3553 per
1551 3510 1717 3542 trutinam
1745 3509 1906 3543 soivendi
1931 3510 2022 3543 Plin.
2050 3509 2094 3543 Η.
2123 3509 2165 3542 N.
2193 3508 2371 3551 xxxin„
2400 3504 2435 3540 3.
2500 3507 2625 3550 varro,
2664 3507 2707 3541 de
2735 3508 2775 3541 L.
2803 3508 2843 3541 L.

277 3571 335 3613 V„
366 3566 573 3612 169-174,
603 3566 686 3609 177,
716 3566 799 3612 182,
830 3568 913 3605 18³.
968 3573 1047 3613 (ἰοὶ.
1075 3575 1117 3617 1.,
1147 3570 1229 3605 122.
1283 3574 1407 3607 Isidor.
1436 3573 1519 3613 orig.
1546 3571 1656 3613 XVL,
1687 3567 1844 3613 17-19,
1873 3568 1933 3604 2⁴.
