3461 4168
1388 112 1453 161 39

148 284 262 322 mse
296 286 366 321 ex
404 269 518 335 jure
554 266 824 328 Quiritium
858 268 1201 334 praedicabat,
1247 268 1419 334 atique
1455 268 1696 319 dominns
1727 267 1898 329 fiebat,
1946 283 2155 332 eamque
2194 269 2260 317 ob
2300 285 2502 319 eausam
2539 268 2699 319 vindi-

147 357 346 408 catione
384 355 444 417 ei,
482 355 566 420 qui
602 355 826 418 dederat,
863 356 1105 422 adempta
1136 355 1272 406 antio
1302 355 1516 406 fiduciae
1554 362 1848 421 comparata
1883 362 2004 415 erat,
2035 353 2280 419 judicium
2316 357 2482 406 bonae
2517 355 2652 407 fidei.

362 441 644 505 Quaeritur,
693 445 836 508 cujus
869 443 1021 493 fuerit
1054 443 1223 508 legem
1257 444 1494 508 mancipii
1530 444 1713 504 dicere,
1760 442 1951 507 ejusve,
1997 441 2082 506 qui
2117 441 2367 506 mancipio
2404 444 2696 508 accipiebat,

148 549 215 581 au
249 532 372 596 ejus,
426 533 510 596 qui
547 531 742 580 dabat?
831 530 883 580 Si
929 532 1062 579 forte
1109 515 1297 579 fundus
1342 531 1562 581 deducto
1607 533 1871 581 usufructu
1908 529 2273 595 mancipandus
2310 539 2430 592 erat,
2484 532 2698 596 legimus

146 621 404 685 mancipio
437 621 768 684 accipientem
803 620 875 667 ita
908 620 1135 667 locutum
1173 635 1316 666 esse:
1386 619 1561 679 „Runc
1599 638 1693 685 ego
1730 620 1943 667 fundum
1982 636 2049 666 ex
2075 619 2189 683 jure
2227 616 2492 676 Quiritium
2527 637 2697 668 meum

149 722 259 756 ense
296 706 377 773 ajo
414 704 635 757 deducto
669 706 979 758 usufructuf‘
1004 704 1093 770 ³¹)
1177 703 1277 754 Sed
1313 711 1484 754 tamen
1537 715 1769 773 putarem
1823 722 1938 755 eum
1993 721 2208 771 quoque,
2264 705 2348 770 qui
2402 704 2569 767 dabat,
2622 722 2694 768 ea

147 792 329 858 quibus
364 791 675 858 mancipium
707 791 1024 854 definiretur,
1052 791 1441 857 nuncupavisse,
1476 794 1693 844 maxime
1740 793 1781 844 si
1827 793 1985 859 ipsius
2038 791 2309 842 commodo
2365 791 2695 858 adjungeren-

146 887 245 942 tur,
291 879 420 929 sicut
457 896 536 942 ea,
586 879 769 945 quibus
822 878 951 928 {sster
1003 878 1327 946 obligaretur.
1415 877 1526 939 Qua
1560 880 1621 930 de
1659 897 1811 930 causa
1864 882 1914 929 in
1951 879 2133 929 fiducia
2181 877 2531 928 contrahenda
2573 886 2697 944 puto

149 984 289 1030 eum,
343 967 427 1033 qui
481 966 662 1030 dabat,
711 966 879 1033 legem
932 965 1146 1016 fiduciae
1202 966 1407 1030 dixisse,
1461 968 1599 1017 velut
1651 969 1731 1018 his
1782 968 1984 1018 verbis:
2065 967 2248 1029 „Hanc
2299 984 2394 1033 ego
2449 983 2558 1016 rem
2605 966 2698 1016 tibi

146 1054 361 1104 fiduciae
398 1072 551 1104 causa
585 1053 837 1119 mancipio
875 1052 942 1103 do
979 1071 1042 1103 ea
1072 1055 1201 1121 lege,
1238 1062 1298 1104 ut
1330 1054 1453 1103 mihi
1488 1056 1800 1121 remancipes
1836 1056 1922 1117 ita,
1957 1055 2031 1104 uti
2066 1072 2129 1104 ne
2166 1063 2374 1120 propter
2395 1062 2446 1103 te
2475 1053 2699 1104 fidemve

146 1150 286 1191 tuam
323 1150 499 1208 captus
534 1139 898 1205 fraudatusque
934 1141 1073 1190 siem.
1090 1141 1174 1206 ³²)

359 1228 437 1279 De
484 1227 880 1294 obligationibus
916 1246 981 1278 ex
1016 1228 1392 1294 mancipatione
1446 1229 1670 1279 oriundis
1727 1230 1826 1279 alio
1879 1230 2011 1291 loco,
2073 1228 2314 1293 expositis
2350 1229 2425 1290 iis,
2465 1247 2594 1295 quae
2631 1228 2695 1279 de

147 1319 273 1369 nexi
305 1318 615 1384 obligatione
652 1318 832 1380 sentio,
869 1317 1034 1367 dicere
1071 1318 1280 1366 institui.
1350 1316 1467 1366 Jam
1503 1317 1667 1384 ipsum
1702 1335 1893 1367 nexum
1930 1316 2376 1366 considerabimus.

1347 1522 1373 1589 ς
1414 1525 1490 1570 16.

356 1658 617 1708 Admonui
672 1675 865 1735 supra,⁸
893 1658 1165 1708 nonnullos
1219 1666 1453 1709 auctores
1506 1667 1705 1709 veteres
1763 1658 1933 1708 omnia
1984 1675 2074 1724 per
2127 1675 2213 1708 aes
2263 1668 2313 1708 et
2354 1659 2536 1708 libram
2583 1665 2697 1708 acta

142 1763 277 1796 nexa
313 1747 611 1813 appellasse,
665 1764 754 1796 eos
801 1746 1044 1812 plurimos
1080 1754 1308 1796 nostrum
1364 1754 1565 1797 secutos
1618 1747 1801 1809 fuisse,
1857 1747 2109 1812 statuique
2161 1763 2350 1795 nexum
2405 1754 2540 1795 recte
2595 1745 2694 1796 dici

141 1851 246 1884 non
283 1852 451 1900 posse,
505 1834 602 1883 nisi
654 1851 747 1900 per
800 1851 884 1883 aes
931 1842 980 1883 et
1024 1834 1206 1883 libram
1253 1842 1514 1883 contracta
1558 1835 1800 1901 obligatio
1845 1834 2169 1883 inveniretur.
2256 1834 2374 1882 ‹Jam
2410 1834 2693 1883 instituenti

142 1920 446 1971 adumbrare
483 1928 547 1982 et,
596 1921 638 1970 si
673 1928 904 1986 potuero,
960 1921 1210 1987 explicare
1246 1938 1437 1971 nexum
1474 1921 1649 1970 eadem
1686 1921 1810 1971 mihi
1845 1921 1929 1971 via
1963 1920 2207 1971 utendum
2243 1921 2407 1970 visum
2446 1928 2536 1982 est,
2591 1937 2692 1986 qua

140 2009 193 2059 in
229 2008 482 2074 mancipio
520 2007 852 2074 explorando,
905 2016 962 2057 ut
1008 2008 1070 2058 ab
1115 2008 1192 2070 iis,
1247 2025 1375 2073 quae
1422 2008 1520 2057 alia
1566 2008 1742 2075 magis,
1798 2008 1896 2058 alia
1936 2008 2103 2058 minus
2151 2015 2290 2057 certa
2326 2008 2690 2073 explorataque

139 2095 502 2161 reperirentur„
532 2094 598 2145 ad
639 2095 726 2145 illa
760 2095 1043 2156 transirem,
1096 2112 1224 2160 quae
1260 2103 1512 2145 vetustate
1559 2095 1756 2144 occulta
1800 2095 2130 2160 involutaque
2179 2095 2409 2144 laterent.
2496 2093 2692 2159 Regula

143 2191 220 2233 est
248 2184 377 2249 juris
414 2182 648 2246 Romani,
686 2183 866 2232 eodem
903 2200 1088 2250 genere
1125 2182 1345 2249 quidque
1383 2183 1608 2245 dissolvi,
1646 2200 1747 2249 quo
1784 2184 2075 2250 colligatum
2113 2183 2191 2244 sit,
2245 2182 2462 2248 ideoque
2500 2182 2689 2248 obliga-

138 2269 331 2320 tionem
366 2288 421 2320 re
460 2278 772 2321 contractam
807 2287 862 2321 re
900 2271 1055 2333 solvi,
1110 2271 1381 2320 verborum
1427 2271 1791 2338 obligationem
1837 2270 2029 2334 verbis,
2082 2270 2206 2321 nudi
2250 2287 2527 2321 consensus
2565 2270 2688 2320 obli-

140 2358 399 2424 gationem
437 2358 691 2410 contrario
738 2376 993 2409 consensu
1038 2358 1160 2408 tolli.
1247 2357 1312 2408 Et
1363 2359 1666 2425 generaliter
1718 2357 1905 2409 Paulus
1943 2359 2036 2408 ait:
2107 2357 2263 2420 „Fere
2302 2358 2688 2423 quibuscunque

138 2444 306 2496 modis
343 2445 644 2511 obligamur,
691 2445 871 2496 iisdem
906 2446 956 2496 in
997 2445 1304 2496 contrarium
1340 2446 1462 2496 actis
1497 2446 1817 2497 liberamur.“
1842 2446 1925 2512 ³3)
1995 2444 2106 2496 Hoc
2160 2462 2265 2495 non
2318 2445 2436 2496 ideo
2490 2445 2689 2508 dicitur,

140 2534 286 2598 quasi
324 2533 579 2582 contraria
612 2534 779 2585 forma
814 2534 1130 2597 adhibeatur,
1184 2534 1319 2601 quod
1367 2534 1568 2600 quidem
1605 2542 1788 2584 natura
1821 2551 1990 2583 rerum
2026 2533 2313 2599 refragante
2349 2532 2462 2582 fieri
2497 2532 2690 2598 nequi-t,

140 2618 231 2669 sed
265 2619 453 2670 idcirco
490 2638 669 2669 verum
705 2629 795 2682 est,
834 2621 987 2686 quod,
1037 2640 1165 2688 quae
1213 2623 1383 2672 insunt
1416 2622 1467 2670 in
1502 2621 1736 2687 negotiis,
1792 2639 1851 2670 ea
1885 2621 1936 2669 in
1973 2620 2283 2670 contrarium
2321 2620 2689 2685 concipiuntur,

141 2706 294 2772 quod,
332 2723 460 2772 quae
497 2707 549 2756 in
587 2707 936 2757 contrahenda
972 2710 1281 2776 obligatione
1320 2709 1567 2758 affirmata
1603 2716 1734 2770 sunt,
1771 2708 1821 2757 in
1858 2707 2158 2756 liberatione
2195 2715 2459 2773 negantur.
2517 2707 2688 2772 Atque

140 2811 201 2842 ea
237 2793 456 2859 quidem,
495 2811 624 2859 quae
661 2794 826 2844 forma
862 2813 953 2845 sua
986 2796 1209 2846 maxime
1247 2804 1492 2859 constant,
1534 2795 1683 2845 simili
1717 2795 1800 2845 vel
1836 2801 1970 2844 certe
2010 2793 2275 2860 ejusmodi,
2316 2811 2445 2860 quae
2481 2793 2689 2860 paribus

137 2881 330 2931 viribus
385 2883 667 2947 effectuque
720 2883 951 2948 praedita
1003 2885 1081 2945 sit,
1134 2886 1299 2934 forma
1352 2884 1588 2933 tollantur
1640 2901 1848 2932 necesse
1904 2890 1994 2932 est.
2084 2880 2226 2942 Quae
2265 2900 2420 2948 quum
2466 2882 2537 2931 ita
2573 2882 2686 2944 sint,

136 2967 437 3018 liberatione
477 2969 679 3036 cognita
713 2969 926 3019 facultas
963 2970 1057 3020 erit
1091 2971 1251 3037 ipsam
1291 2990 1595 3038 cognoscere
1635 2969 2014 3036 obligationem,
2052 2970 2194 3036 cujus
2229 2969 2320 3020 fiat
2354 2968 2598 3019 liberatio.

350 3057 552 3106 Nexum
596 3077 688 3126 per
732 3078 818 3107 aes
865 3069 914 3107 et
965 3061 1146 3108 libram
1192 3071 1391 3128 gestum
1445 3080 1554 3109 esse
1608 3069 1819 3108 constat,
1906 3059 2105 3108 Eodem
2157 3060 2337 3120 modo,
2390 3056 2683 3123 imaginaria

139 3146 390 3194 solutione
427 3162 519 3212 per
555 3163 641 3198 aes
678 3155 728 3196 et
763 3149 959 3209 libram,
997 3149 1241 3214 quasdam
1281 3150 1614 3217 obligationes
1652 3149 1875 3197 sublatas
1914 3165 2041 3211 esse,
2078 3148 2235 3215 Gajus
2266 3146 2681 3214 (111.173—175)

136 3233 286 3282 nobis
324 3240 400 3283 est
438 3242 626 3284 auctor.
700 3233 839 3295 Quae
876 3252 957 3285 res
994 3235 1173 3285 eodem
1210 3237 1315 3286 fere
1352 3238 1464 3299 ritu,
1502 3254 1601 3303 quo
1638 3237 1960 3303 mancipatio,
2007 3237 2353 3304 peragebatur.
2439 3233 2682 3281 Praesen-

137 3320 272 3368 tibus
310 3321 504 3370 civibus
542 3320 785 3372 Romanis
823 3323 1044 3388 quinque
1080 3324 1294 3372 testibus
1334 3332 1384 3373 et
1417 3324 1696 3389 libripende
1745 3324 1803 3386 is,
1842 3326 1930 3390 qui
1964 3325 2221 3386 liberatur,
2261 3330 2394 3371 certa
2430 3319 2680 3386 quaedam

338 3474 384 3521 ³¹)
408 3479 545 3520 Fragm.
574 3480 673 3512 vatic
712 3479 729 3523 5
756 3479 814 3514 50.

339 3544 384 3587 ³⁷)
411 3548 482 3580 Cic.
510 3550 552 3581 de
579 3551 636 3581 off.
666 3551 729 3581 ΙΙΙ.
761 3548 817 3583 17.

339 3615 384 3658 ³³)
410 3619 447 3648 L.
480 3616 548 3649 153
576 3622 618 3650 de
646 3621 687 3651 R.
715 3621 746 3650 J.
799 3622 838 3651 L.
868 3619 915 3652 35
944 3624 1019 3654 eod.
1073 3624 1111 3653 L.
1141 3620 1189 3653 80
1216 3624 1258 3654 de
1285 3623 1387 3653 solut.
1440 3621 1516 3659 Gaj.
1547 3622 1605 3652 IV.
1637 3619 1717 3654 119.
