3461 4168
1893 152 1958 200 26

640 314 763 356 sunt
797 306 1002 373 proprie
1033 305 1162 372 juris
1199 305 1444 373 gentium,
1485 306 1731 373 originem
1770 305 1971 354 emendi
2008 305 2366 372 vendendique
2402 307 2633 373 coepisse
2668 306 2859 359 Paulus
2894 310 2947 359 in
2981 308 3036 358 L.
3077 309 3103 357 l
3152 308 3217 360 de

639 394 871 446 contrah.
911 402 1063 460 empt.
1101 402 1239 445 recte
1278 394 1652 445 animadvertit.
1743 393 1891 455 Quod
1929 393 1971 443 si
2006 393 2078 444 ita
2115 412 2168 445 se
2206 410 2287 445 res
2324 394 2494 457 habet,
2547 395 2600 445 in
2636 395 2734 445 hoc
2770 398 2993 448 maxime
3046 396 3218 447 discri-

639 500 760 532 men
798 482 933 532 inter
970 483 1284 547 emptionem
1322 482 1672 532 venditionem
1712 489 1762 532 et
1797 481 2223 547 permutationem
2260 483 2489 543 vertitur,
2527 482 2665 546 quod
2694 483 2781 532 illa
2816 485 2927 534 solo
2965 502 3219 535 consensu

638 572 918 636 perficitur,
973 572 1281 636 permutatio
1330 573 1557 636 perfecta
1592 589 1695 618 non
1734 580 1826 631 est,
1880 571 1976 618 nisi
2012 588 2094 617 res
2130 572 2496 635 permutandae
2532 572 2666 619 ultro
2723 572 2949 636 citroque
3002 574 3219 622 traditae

642 659 758 707 sint.
833 659 968 708 Sane
1007 660 1298 708 novissimis
1334 659 1525 706 liberae
1561 658 1873 722 reipublicae
1910 658 2242 722 temporibus,
2279 668 2444 709 aetate
2480 658 2749 720 Labeonis,
2804 675 2866 707 ea
2898 677 3033 724 pars,
3087 676 3219 724 quae

640 762 751 793 rem
792 745 1021 807 dederat,
1058 763 1212 810 quum
1250 744 1409 793 altera
1446 744 1676 793 nondum
1714 744 1952 803 dedisset,
2006 761 2111 793 non
2150 745 2306 794 modo
2343 765 2452 795 rem
2487 745 2658 795 datam
2697 746 2965 795 condicere
3002 736 3218 812 poterat,

644 849 826 883 verum
867 835 1017 883 etiam
1054 831 1377 898 praescriptis
1415 831 1587 881 verbis
1625 832 1824 881 actione
1880 832 1931 881 in
1982 832 2031 881 id
2086 833 2321 898 experiri,
2376 834 2512 900 quod
2566 833 2907 883 adversariam
2965 850 3029 883 ex
3081 833 3222 884 bonu

645 921 749 970 fide
788 921 908 970 dare
946 922 1111 969 facere
1151 928 1427 984 oporteret.
1498 918 1690 968 Verum
1738 937 1798 968 ea
1836 921 1967 969 actio
2006 919 2375 984 antiquioribus
2412 922 2669 988 incognita
2704 922 2811 971 fuit.
2875 920 3220 981 Quamobrem

648 1009 920 1074 oportebat
958 1026 1045 1055 eos
1082 1016 1349 1071 utramque
1386 1024 1494 1055 rem
1533 1006 1922 1071 permutandam
1963 1008 2110 1056 simul
2144 1008 2447 1057 tradendam
2486 1027 2675 1058 curare.
2753 1007 2859 1057 Nec
2895 1017 3222 1059 mutaverunt

647 1096 898 1143 rationem
937 1094 1068 1142 hanc
1106 1094 1158 1142 in
1195 1094 1350 1142 rebus
1386 1093 1648 1142 tradendis
1685 1094 1941 1155 usitatam,
1997 1103 2266 1159 postquam
2322 1114 2409 1144 aes
2457 1114 2608 1145 verae
2645 1096 2888 1162 pecuniae
2925 1097 3095 1144 locum
3134 1097 3220 1145 ob·

642 1182 806 1228 tinere
846 1181 1174 1245 omniumque
1213 1198 1381 1228 rerum
1422 1198 1743 1228 communem
1795 1181 2048 1245 quandam
2102 1199 2393 1230 mensuram
2447 1185 2693 1247 praebere
2749 1184 2929 1249 eoepit,
2980 1191 3034 1230 et
3086 1183 3219 1245 ideo,

646 1286 802 1334 quum
841 1269 904 1317 de
942 1286 995 1316 re
1034 1268 1253 1316 emenda
1292 1277 1342 1316 et
1378 1268 1439 1315 de
1486 1269 1649 1333 pretio
1699 1268 1869 1316 dando
1927 1270 2286 1317 convenissent
2339 1278 2525 1335 partes,
2582 1279 2783 1336 emptor
2835 1288 2943 1319 rem
2997 1279 3223 1336 emptam

648 1358 744 1407 sibi
783 1355 1102 1419 tradendam,
1160 1356 1395 1406 venditor
1447 1356 1665 1422 pretium
1704 1357 2097 1422 appendendum
2135 1357 2360 1419 curabat,
2416 1375 2581 1423 neque
2618 1358 2773 1424 prius,
2820 1375 2973 1424 quum
3012 1374 3222 1408 consen·

645 1464 732 1494 sus
768 1445 1000 1494 nondum
1053 1453 1332 1509 appareret,
1387 1445 1670 1509 perfectum
1706 1446 1970 1510 negotium
2008 1446 2395 1511 intelligebatur.
2485 1444 2678 1495 Omnes
2732 1446 2885 1510 igitur
2939 1446 3222 1511 emptiones

643 1551 857 1598 prorsus
896 1552 983 1581 aes
1019 1533 1344 1597 requirebant
1381 1533 1627 1597 pecuniae
1666 1534 1829 1581 vicem
1870 1534 2121 1594 obt-inens,
2169 1551 2226 1581 ae
2261 1551 2395 1594 raro,
2440 1551 2568 1597 quae
2604 1542 2713 1581 tum
2752 1542 2859 1582 erat
2896 1551 3065 1581 rerum
3103 1551 3220 1582 con-

646 1621 788 1681 ditio,
827 1621 957 1668 libra
993 1620 1183 1668 utenda
1219 1620 1660 1684 supersedebatur.
1719 1619 1821 1667 Sed
1857 1629 2089 1685 tempora
2113 1639 2215 1668 non
2255 1638 2465 1685 prorsus
2502 1621 2831 1685 postulabant
2865 1619 3219 1685 libripendem,

647 1709 734 1772 qui
770 1709 962 1756 trutina
999 1725 1084 1755 aes
1123 1707 1450 1772 appenderet.
1521 1706 1651 1754 Nam
1692 1724 1845 1771 quum
1885 1708 2020 1755 haud
2059 1708 2209 1755 dubie
2247 1709 2432 1773 privati
2468 1708 2702 1755 homines
2738 1708 2940 1772 plurimi
2975 1707 3219 1755 trutinam

647 1811 862 1859 eamque
900 1796 1070 1855 talem,
1110 1811 1236 1859 quae
1274 1796 1492 1859 probata
1530 1802 1666 1842 esset
1703 1811 1731 1841 a
1768 1796 1991 1857 civitate,
2028 1795 2290 1855 haberent,
2330 1803 2529 1861 emptor
2565 1803 2615 1843 et
2651 1794 2888 1843 venditor
2922 1793 3220 1858 libripendis

643 1883 695 1931 in
735 1880 1074 1946 appendendo
1115 1900 1230 1929 aere
1268 1881 1497 1946 partibus
1536 1881 1631 1945 ipsi
1669 1882 1810 1946 fungi
1847 1892 2097 1945 poterant.
2184 1880 2346 1930 Multo
2400 1882 2567 1930 minus
2620 1890 2778 1930 testes
2816 1880 3217 1944 requirebantur,

643 1987 818 2016 coram
856 1968 1040 2031 quibus
1076 1987 1159 2016 res
1196 1976 1539 2031 perageretur.
1613 1966 1980 2016 Verumtamen
2028 1968 2077 2016 in
2114 1968 2268 2017 rebus
2305 1968 2512 2031 majoris
2548 1968 2795 2017 momenti
2832 1967 3129 2030 plerumque
3169 1972 3219 2014 et

639 2057 981 2121 libripendem
1020 2056 1293 2102 accessisse
1333 2065 1384 2102 et
1437 2066 1610 2115 testes,
1667 2075 1881 2120 quorum
1921 2057 2195 2103 memoriae
2232 2076 2313 2103 res
2350 2056 2692 2115 mandaretur,
2747 2056 2854 2102 veri
2893 2055 3054 2101 simile
3092 2052 3217 2100 mihi

641 2146 859 2192 videtur.
949 2144 1238 2192 Necessitas
1275 2161 1398 2192 vero
1438 2154 1487 2192 ct
1523 2146 1823 2210 libripendis
1862 2153 1913 2191 et
1959 2147 2163 2192 testium
2218 2146 2626 2193 adhibendorum
2681 2145 2871 2192 sensim
2924 2143 3213 2206 sensimque

648 2239 726 2280 est
763 2232 1055 2281 introducta
1091 2232 1141 2280 in
1180 2232 1333 2280 rebus
1372 2232 1673 2296 quibusdam
1714 2232 2049 2298 acquirendis,
2088 2233 2145 2281 iis
2184 2232 2391 2295 scilicet,
2431 2250 2558 2299 quae
2595 2233 2815 2298 mancipi
2854 2239 2971 2280 sunt
2988 2239 3217 2291 vocatae,

643 2335 889 2384 quaeque,
949 2326 1005 2367 ut
1058 2317 1294 2379 vidimus,
1352 2335 1440 2366 eae
1492 2327 1648 2380 erant,
1688 2336 1812 2384 quas
1851 2319 1987 2366 bello
2028 2318 2121 2366 sibi
2159 2328 2479 2387 comparatas
2516 2320 2623 2386 ipse
2660 2319 2879 2385 populus
2915 2317 3063 2365 hasta
3093 2316 3217 2381 justi

639 2406 851 2455 dominii
900 2408 1047 2472 signo
1096 2415 1267 2455 erecta
1314 2407 1585 2455 vendebat.
1676 2407 2063 2456 Concurrebant
2104 2409 2152 2455 in
2191 2409 2251 2456 iis
2288 2409 2459 2473 plures
2495 2425 2592 2468 res,
2648 2423 2776 2471 quae
2816 2406 3107 2464 effecerunt,
3162 2411 3218 2452 ut

638 2493 962 2542 alienationis
1000 2494 1166 2541 forma
1215 2493 1593 2558 insignirentur.
1681 2492 1908 2541 Primum
1947 2492 2189 2543 videbant
2235 2495 2469 2543 homines
2517 2510 2603 2543 eas
2659 2493 2808 2542 simili
2862 2492 2962 2539 ritu
3013 2490 3215 2556 publice

638 2579 881 2629 alienari:
920 2597 981 2629 eo
1019 2579 1175 2629 modo
1215 2579 1492 2645 acquisitae
1532 2579 1725 2646 optimo
1753 2580 1865 2646 jure
1899 2587 2045 2629 erant
2065 2581 2354 2647 acquisitae,
2394 2578 2825 2647 quandoquidem,
2863 2593 3020 2644 quum
3041 2591 3216 2626 earum

638 2669 953 2733 comparatio
992 2669 1056 2717 ab
1094 2669 1206 2733 ipso
1243 2669 1435 2733 populo
1475 2670 1619 2733 quasi
1670 2669 1973 2717 confirmata
2022 2678 2156 2718 esset
2205 2677 2254 2718 et
2301 2669 2510 2728 munita,
2566 2668 2731 2717 omnis
2772 2665 2957 2731 privati
2994 2663 3216 2713 hominis

641 2756 848 2804 exclusa
885 2764 994 2804 erat
1042 2756 1292 2821 repetitio.
1382 2755 1578 2804 Deinde
1631 2764 1775 2804 erant
1817 2773 1898 2803 res
1936 2756 2146 2803 maximi
2181 2756 2443 2816 momenti,
2499 2772 2653 2820 quum
2692 2754 2917 2814 omnino,
2972 2760 3081 2800 tum
3118 2749 3216 2798 illis

641 2843 940 2906 praesertim
975 2843 1294 2908 temporibus
1333 2852 1383 2892 et
1419 2843 1712 2892 hominibus
1752 2843 2001 2908 agricolis.
2088 2842 2231 2905 Tum,
2287 2852 2337 2893 et
2392 2844 2518 2892 haec
2563 2860 2644 2891 res
2691 2859 2793 2890 non
2842 2857 3021 2906 parum
3059 2836 3219 2885 suasit

641 2937 873 2977 nostram
922 2930 1214 2994 acquirendi
1264 2931 1497 2992 formam,
1554 2931 1684 2979 tales
1741 2938 1899 2990 erant,
1957 2947 2086 2994 quae
2135 2931 2477 2996 cognitionem
2520 2929 2779 2978 habebant
2815 2945 2918 2976 non
2958 2923 3217 2973 difficilem

641 3017 876 3068 testibus,
966 3016 1071 3065 Has
1110 3018 1242 3065 enim
1279 3036 1361 3067 res
1400 3020 1438 3067 si
1485 3036 1652 3067 novus
1700 3018 1937 3067 dominus
1993 3018 2288 3079 vindicaret,
2343 3018 2418 3079 iis,
2475 3017 2658 3082 quibus
2713 3012 3067 3081 praesentibus
3122 3010 3217 3059 sibi

642 3112 983 3171 compararat,
1022 3106 1422 3171 recognoscendi
1461 3107 1675 3156 facultas
1715 3114 1836 3168 erat,
1876 3123 2033 3172 quum
2071 3106 2122 3154 in
2162 3106 2270 3155 aliis
2307 3106 2475 3168 rebus,
2513 3105 2654 3155 velut
2689 3104 2741 3152 in
2777 3100 3058 3150 minoribus
3098 3116 3216 3165 qua-

644 3193 977 3260 drupedibus,
1018 3193 1216 3254 ovibuS,
1255 3196 1431 3260 capris,
1470 3197 1644 3244 suibus
1684 3195 2022 3261 acquirendis,
2062 3211 2218 3260 quum
2256 3195 2536 3255 molestius,
2572 3202 2629 3241 ut
2658 3193 2709 3239 in
2741 3191 2893 3239 rebus
2924 3189 3217 3251 levioribus,

642 3289 753 3331 tum
792 3298 952 3347 prope
991 3280 1169 3329 inutile
1210 3280 1384 3330 fuisset
1419 3290 1575 3333 testes
1614 3283 1872 3332 adhibere.
1962 3281 2026 3331 Et
2063 3300 2167 3332 non
2206 3290 2404 3332 tantum
2442 3279 2720 3331 testimonii
2758 3295 2909 3327 causa
2944 3278 3218 3326 voluerunt

645 3369 841 3419 civibus
878 3368 1236 3434 praesentibus
1273 3386 1380 3417 rem
1417 3372 1603 3436 peragi,
1658 3389 1836 3420 verum
1877 3371 2027 3420 etiam
2076 3371 2206 3436 juris
2262 3369 2494 3436 acquisiti
2550 3365 2881 3416 confirmandi
2937 3373 2987 3415 et
3039 3362 3217 3415 tuendi

646 3457 821 3524 gratia.
911 3456 1013 3507 Eos
1050 3475 1218 3506 novus
1257 3456 1493 3506 dominus
1531 3459 1785 3524 adjutores
1833 3460 1928 3508 sibi
1976 3461 2175 3508 futuros
2224 3455 2556 3523 comparabat
2609 3454 2659 3502 in
2712 3473 2765 3503 re
2821 3452 3024 3515 tuenda,
3079 3451 3215 3516 iique

648 3564 799 3611 opem
839 3545 903 3592 ad
942 3545 1345 3612 recuperandam
1383 3562 1491 3592 rem
1530 3547 1764 3595 amissam
1802 3548 2049 3596 ferebant.
2139 3547 2209 3595 At
2254 3563 2360 3593 non
2407 3553 2513 3592 tam
2562 3543 2818 3609 adjutores
2854 3542 3082 3608 privatos
3121 3538 3217 3587 sibi

649 3650 946 3699 comparare
985 3634 1273 3696 voluerunt,
1330 3650 1484 3699 quam
1517 3633 1600 3698 jus
1637 3635 1926 3684 confirmari
1965 3644 2015 3684 et
2050 3633 2237 3683 muniri
2272 3640 2515 3697 tanquam
2570 3632 2632 3681 ab
2686 3632 2797 3697 ipso
2852 3629 3043 3696 populo
3100 3643 3216 3676 con·
