3461 4168
1388 110 1452 159 29

148 285 200 329 et
235 274 567 340 accipientem
604 269 935 332 dubitaretur,
972 269 1183 319 definire
1218 275 1408 335 posset.
1479 266 1547 317 Et
1582 283 1705 317 sane
1740 266 1794 315 in
1830 265 2082 328 omnibuS,
2130 283 2259 332 quae
2298 273 2515 329 exstant,
2570 273 2709 317 ante·

146 360 379 414 stationis
417 358 664 424 exemplis
698 358 750 407 in
786 356 1247 421 mancipationibus
1282 356 1335 405 in
1372 356 1606 405 absentia
1640 353 1949 419 mancipatio
1985 353 2154 402 fiebat.

359 445 547 508 Verba,
586 463 716 512 quae
755 452 1037 510 emptorem
1072 442 1300 493 locutum
1336 441 1627 507 accipimus,
1665 440 1897 490 solennia
1935 446 2078 489 erant
2117 446 2267 505 atque
2305 448 2456 503 certa,
2503 441 2711 497 diversa,

144 543 317 584 tamen
352 552 445 601 pro
483 551 670 602 genere
718 533 862 599 juris,
918 530 1057 596 quod
1092 531 1467 597 mancipatione
1515 537 1756 577 nacturus
1812 535 1931 577 erat.
2019 527 2078 576 In
2134 526 2370 577 omnibus
2425 528 2707 578 actionibus

146 623 378 672 civilibus
426 621 832 671 animadvertere
878 619 999 666 licet
1044 617 1304 667 Romanos
1350 634 1473 666 usos
1528 617 1683 665 fuisse
1738 615 1889 664 certis
1945 614 2249 680 quibusdam
2301 614 2469 664 verbis
2525 615 2587 664 ab
2644 633 2705 665 eo

144 727 303 777 usque
342 708 653 777 eloquendis,
692 708 837 774 cujus
870 706 924 754 in
959 706 1164 772 negotio
1201 706 1391 755 utilitas
1428 712 1725 765 verteretur,
1770 704 1854 752 vel
1890 704 1974 769 qui
2008 703 2126 752 inde
2157 703 2242 769 jus
2282 702 2379 751 sibi
2415 711 2705 752 assumeret.

147 796 467 864 Quapropter
504 797 557 846 in
593 794 966 860 mancipatione
1005 802 1201 859 emptor
1236 802 1345 844 tum
1381 809 1490 842 rem
1526 793 1913 859 mancipandam
1952 810 2095 842 suam
2133 810 2245 841 esse
2285 791 2614 857 praedicabat
2644 809 2707 838 ex

141 885 255 949 jure
294 883 579 944 Quiritium,
631 891 740 932 tum
778 897 878 944 quo
914 879 1069 929 modo
1107 899 1197 930 sua
1232 881 1367 930 facta
1403 887 1552 940 esset,
1604 879 1770 944 idque,
1824 888 1880 929 ut
1914 880 2130 940 videtur,
2189 892 2391 945 semper
2429 878 2583 927 modo
2621 878 2709 925 im·

147 972 394 1039 perativo.
420 972 504 1037 20)
578 968 726 1019 Certe
762 968 806 1016 is
840 966 930 1028 rei,
969 984 1095 1031 quae
1134 968 1393 1034 agebatur,
1437 966 1600 1031 magis
1638 967 1987 1016 conveniebat.
2078 964 2317 1025 Quaestio
2357 966 2532 1026 oritur,
2585 981 2709 1013 num

146 1060 400 1125 mancipio
439 1058 785 1122 accipientem,
822 1062 1177 1120 praeterquam
1214 1054 1348 1119 quod
1387 1072 1503 1102 aere
1543 1062 1592 1101 et
1626 1054 1757 1101 libra
1793 1063 2013 1119 emptam
2050 1054 2145 1103 sibi
2173 1072 2280 1102 rem
2312 1054 2495 1118 ajebat,
2533 1069 2709 1101 veram

149 1163 353 1196 causam
390 1142 726 1208 mancipandi,
774 1149 954 1207 utputa
990 1142 1348 1203 venditionem,
1394 1142 1836 1207 permutationem,
1885 1141 2211 1188 donationem
2266 1141 2520 1205 appellare
2560 1157 2708 1204 opor-

146 1234 312 1284 tuerit.
385 1231 443 1281 Id
478 1229 769 1279 Huschkius
805 1245 968 1295 nuper
1004 1228 1242 1290 defendit,
1277 1229 1481 1277 tametsi
1517 1229 1568 1276 in
1606 1228 1850 1289 formulis,
1900 1245 2025 1293 quae
2063 1245 2251 1293 paucae
2288 1228 2438 1276 nobis
2476 1235 2707 1275 servatae

149 1328 282 1381 sunt,
318 1317 444 1368 nihil
480 1316 771 1383 hujusmodi
809 1316 1141 1366 inveniamus.
1212 1315 1376 1377 Quum
1415 1316 1535 1382 quid
1572 1323 1852 1365 statuamus
1888 1316 2108 1381 pendeat
2146 1332 2209 1363 ex
2247 1316 2510 1376 sententia,
2556 1331 2708 1380 quam

146 1406 210 1455 de
246 1405 299 1455 vi
332 1404 721 1471 mancipationis
760 1405 1139 1470 amplectamur,
1176 1405 1381 1455 inferius
1418 1422 1527 1454 rem
1564 1403 1823 1470 attingam.

361 1492 495 1542 Num
533 1493 657 1543 haec
693 1493 853 1543 verba
891 1501 1030 1542 certa
1068 1501 1118 1543 et
1155 1494 1381 1542 solennia
1427 1492 1759 1559 intelligenda
1806 1500 1923 1542 sunt
1977 1492 2029 1541 in
2082 1492 2168 1541 illo
2222 1489 2331 1541 XII.
2385 1490 2705 1540 tabularum.-

145 1578 347 1643 „Quum
382 1599 574 1629 nexum
610 1582 761 1630 faciet
794 1582 1218 1647 mancipiumque,
1254 1583 1324 1630 uti
1360 1583 1533 1647 lingua
1567 1581 1914 1646 nuncupassit,
1967 1582 2038 1630 ita
2084 1581 2168 1646 jus
2223 1588 2330 1628 esto
2351 1580 2413 1627 ‘?“
2485 1588 2535 1627 et
2586 1597 2708 1627 num

144 1668 299 1733 igitur
334 1669 644 1734 nuncupatio
681 1669 775 1716 fuit
813 1670 1089 1717 verborum
1127 1670 1409 1717 solennium
1446 1671 1498 1717 in
1544 1686 1680 1717 nexo
1719 1670 2072 1733 mancipioque
2109 1670 2243 1716 facta
2280 1667 2706 1731 enuntiatio?²¹)

143 1753 203 1803 Id
240 1756 382 1819 sequi
417 1755 619 1804 videtur
656 1772 721 1803 ex
758 1755 1073 1804 derivatione
1111 1757 1359 1805 vocabuli.
1445 1755 1574 1804 Nam
1613 1773 1924 1821 nuncupare,
1961 1764 2015 1804 ut
2051 1755 2340 1803 Huschkius
2376 1755 2708 1820 probabiliter

145 1842 443 1908 suspicatur,
493 1850 569 1890 est
605 1843 810 1890 nomine
849 1860 1045 1909 capere,
1101 1844 1249 1892 simili
1286 1843 1437 1891 modo
1475 1843 1681 1905 dictum,
1737 1860 1837 1908 quo
1873 1842 2130 1890 nundinae
2169 1860 2197 1890 a·
2232 1843 2550 1891 novendinis.
2639 1843 2709 1890 At

144 1928 197 1977 in
234 1936 542 1978 testamento
579 1945 670 1995 per
707 1945 792 1978 aes
831 1937 881 1977 et
915 1930 1097 1977 libram
1134 1930 1306 1992 verba,
1361 1931 1539 1995 quibus
1584 1938 1800 1978 testator
1845 1939 2002 1978 testes
2040 1931 2324 1994 alloquitur,
2377 1932 2708 1994 nuncupatio-

143 2033 261 2065 nem
301 2014 458 2082 Gajus
497 2024 546 2066 et
583 2015 828 2082 Ulpianus
866 2017 1137 2083 appellant,
1174 2034 1279 2067 non
1317 2034 1374 2066 ea
1411 2034 1537 2083 quae
1574 2017 1795 2067 familiae
1834 2026 2032 2084 emptor
2069 2019 2375 2083 pronuntiat.
2446 2017 2512 2066 Et
2530 2016 2707 2066 Cicero

146 2102 232 2168 (de
273 2104 355 2152 off.
393 2103 477 2152 III.
521 2105 604 2170 16)
643 2104 846 2153 verbis:
919 2122 1104 2169 „quum
1142 2122 1207 2154 ex
1253 2104 1361 2154 XII.
1408 2104 1592 2154 tabulis
1630 2105 1752 2154 satis
1791 2113 1926 2154 esset
1964 2122 2023 2154 ea
2058 2106 2318 2170 praestari,
2374 2122 2500 2170 quae
2540 2113 2710 2155 essent

145 2191 321 2257 lingua
357 2195 680 2257 nuncupata“
719 2199 769 2239 et
804 2191 944 2240 illum
978 2192 1149 2240 locum
1184 2191 1294 2240 XII.
1331 2192 1616 2240 tabularum
1650 2192 1858 2257 respicit
1895 2199 1946 2241 et
1974 2192 2242 2241 manifesto
2274 2192 2441 2257 legem
2471 2192 2708 2258 mancipii

144 2280 393 2345 intelligit.
484 2278 651 2339 Quare
706 2279 937 2344 inprimis
980 2280 1068 2328 lex
1117 2280 1396 2329 contractui
1441 2280 1587 2342 dicta,
1638 2280 1691 2329 in
1739 2280 1993 2344 mancipio
2029 2280 2115 2328 lex
2150 2280 2402 2344 mancipii,
2458 2297 2584 2344 quae
2621 2280 2707 2328 lex

146 2366 511 2432 obligationem
549 2367 724 2433 gignit,
782 2384 847 2415 ex
895 2384 994 2432 qua
1040 2367 1175 2416 dicta
1220 2369 1565 2434 promissaque
1612 2385 1816 2416 servare
1855 2375 2070 2433 oportet,
2124 2366 2451 2431 nuncupandi
2488 2366 2708 2432 appella-

143 2453 247 2503 tioe
285 2454 746 2520 comprehenditur.
820 2452 921 2503 Sed
957 2462 1128 2505 tamen
1166 2457 1317 2505 etiam
1354 2456 1509 2504 verba
1544 2463 1682 2503 certa
1716 2456 2093 2521 nuncupatione
2131 2454 2471 2502 continentur.

1355 2678 1381 2745 ς
1422 2680 1496 2727 12.

362 2812 762 2878 Mancipationes
798 2814 1175 2879 peragebantur
1210 2823 1297 2864 aut
1331 2833 1500 2864 rerum
1535 2815 1752 2879 mancipi
1796 2813 1930 2862 civili
1978 2813 2177 2862 ratione
2223 2812 2707 2875 transferendamm,

147 2907 235 2947 aut
271 2900 577 2948 conditionis
612 2901 886 2948 liberorum
924 2901 1189 2949 hominum
1229 2902 1394 2950 alieno
1425 2903 1526 2966 juri
1564 2902 1902 2965 subjectorum
1940 2901 2216 2950 mutandae
2247 2919 2412 2950 causa.
2466 2900 2523 2949 In
2555 2901 2704 2949 rebus

145 3002 241 3034 nec
283 2988 504 3052 mancipi
556 2987 745 3035 nullam
798 2987 1212 3052 mancipationis'
1240 2990 1343 3037 vim
1397 2990 1551 3037 fuisse
1589 3006 1740 3054 supra
1775 2988 2030 3036 admonui.
2120 2989 2362 3037 Attamen
2417 2988 2701 3051 antiquitus,

148 3090 302 3139 quum
341 3074 612 3124 discrimen
649 3093 817 3124 rerum
854 3075 1072 3141 mancipi
1110 3084 1160 3124 et
1194 3094 1289 3124 nec
1325 3077 1545 3142 mancipi
1581 3075 1807 3124 nondum
1845 3076 1967 3124 satis
2006 3076 2186 3125 stabile
2223 3077 2521 3139 firmumque
2554 3081 2700 3134 esset,

147 3177 257 3210 eam
296 3162 347 3210 in
385 3162 463 3212 his
500 3180 699 3230 quoque
748 3163 882 3211 haud
929 3180 1044 3211 raro
1094 3164 1372 3212 adhibitam
1427 3181 1537 3212 esse
1594 3164 1835 3229 suspicari
1888 3182 2177 3230 possumus.
2266 3164 2477 3213 Videtur
2531 3171 2700 3209 autem

145 3248 340 3300 Plinius
376 3251 540 3317 major
575 3260 698 3302 natu
734 3252 971 3314 indicare,
1025 3253 1338 3319 margaritas,
1393 3254 1576 3319 quippe
1612 3270 1693 3301 res
1730 3253 1879 3302 valde
1918 3256 2168 3321 pretiosas
2206 3262 2255 3302 et
2291 3252 2400 3300 aevi
2452 3250 2698 3316 perlongi,

144 3339 423 3403 mancipari
478 3340 654 3389 solere.
745 3339 842 3399 Qui
898 3339 991 3405 (H.
1040 3339 1103 3389 N·
1157 3340 1241 3389 IX.
1282 3341 1378 3406 35)
1433 3350 1701 3406 postquam
1757 3340 1901 3404 dixit,
1955 3343 2200 3392 unionum
2246 3357 2428 3389 nomen
2476 3339 2697 3387 maxime

351 3496 397 3542 ²⁰)
422 3501 566 3541 Legitur
593 3506 667 3534 tum
695 3507 866 3545 „emptus
893 3502 996 3537 esto“
1024 3503 1116 3543 (Gaj.
1145 3503 1191 3535 11.
1222 3500 1303 3545 104,
1332 3503 1392 3535 111.
1425 3499 1523 3546 167),
1552 3506 1826 3547 tum‚.emptus
1853 3503 1935 3539 est“
1961 3504 2056 3547 (Gaj.
2085 3505 2112 3537 1.
2145 3499 2224 3536 119.
2271 3502 2408 3543 Fragm.
2437 3500 2548 3534 Vatic.
2578 3499 2593 3543 ξ
2621 3496 2700 3542 50.)

144 3562 245 3595 Prior
272 3562 373 3595 lectio
401 3562 631 3602 praeferenda
659 3564 807 3598 videtur.

350 3626 395 3673 ²¹)
422 3631 601 3676 Huschke,
629 3634 743 3667 Recht
767 3634 827 3667 des
854 3643 981 3668 nexum
1010 3644 1044 3676 p.
1073 3631 1119 3667 23
1146 3642 1244 3675 seqq.
