3461 4168
1891 149 1961 196 18

632 303 787 353 vituti
823 302 1042 352 similem
1076 301 1458 368 redigebantur.
1529 300 1597 352 Et
1631 299 1948 367 probabilius
1982 300 2085 351 hoc
2122 300 2356 352 redditur
2390 302 2848 366 considunnfibus,
2893 300 3224 367 mancip-fio·

630 408 754 440 nem
788 404 961 439 rerum
996 390 1224 456 mancipi
1258 389 1395 438 idem
1426 391 1556 455 spiris
1592 397 1743 454 atque
1779 389 1833 436 in
1863 388 1978 452 jure
2016 388 2304 437 cessionem
2330 387 3221 453 udjtidicationemquetmnstulisse.

630 474 781 537 Nam,
820 483 878 525 ut
914 474 1073 541 Gajus
1111 477 1196 537 ait,
1251 475 1391 541 quod
1427 476 1564 524 valet
1601 475 1923 540 mancipati0‚
1962 473 2100 522 idem
2137 474 2251 539 (sed
2287 491 2393 522 non
2431 474 2569 539 plus)
2599 463 2768 523 efficit
2802 475 2855 522 in
2886 476 3001 539 jure
3041 474 3220 524 cessio.

632 559 835 610 Deinde
874 562 927 610 in
966 562 1206 611 omnibus
1242 562 1708 626 mancipationibus
1748 561 1833 626 qui
1863 561 1947 626 jus
1986 560 2082 608 sibi
2120 568 2507 626 comparaturus
2548 568 2671 622 erat,
2709 577 2775 609 ex
2805 561 2919 626 jure
2951 559 3221 619 Quiritium

634 664 783 695 suum
826 664 938 696 esse
977 647 1161 711 ajebat.
1230 646 1318 705 Ea
1352 647 1528 707 verba,
1584 664 1712 710 quae
1753 646 1985 696 similiter
2021 646 2072 694 in
2109 646 2454 696 vindicatione
2513 648 2653 712 (non
2706 654 2879 696 tamen
2934 646 3222 711 putaverim

630 732 687 781 in
725 733 867 782 omni
904 732 1266 793 vindicatione,
1305 731 1396 781 sed
1432 732 1485 780 in
1525 732 1634 797 ejus
1671 732 1760 793 rei,
1817 748 1947 797 quae
1986 738 2122 781 esset
2170 732 2507 782 confirmante
2554 732 2731 798 populi
2785 730 3087 781 auctoritate
3144 747 3222 780 ac-

635 816 847 884 quisita)
887 820 1203 879 dicebantur,
1240 826 1298 883 ut
1333 834 1718 882 supervacanea
1754 836 1863 866 non
1903 827 2025 879 erat,
2063 819 2135 867 ita
2171 835 2267 867 nec
2307 820 2416 868 sine
2454 836 2609 868 causa
2638 827 2690 868 et
2713 819 2911 868 ratione
2929 815 3223 867 necessaria

632 905 794 954 fuisse
834 904 1230 955 existimandum
1270 910 1364 964 est,
1399 920 1496 951 nec
1535 919 1750 968 parvum
1789 914 2108 953 momentum
2147 904 2403 954 habuisse.

854 989 1000 1040 Hanc
1037 988 1345 1040 sententiam
1382 988 1444 1038 de
1482 989 1760 1056 praecipua
1795 990 1846 1038 vi
1885 990 2110 1056 quinque
2147 991 2356 1040 testium
2404 993 2457 1040 in
2509 990 2973 1057 mancipationibus
3027 988 3221 1037 adhibi-

631 1085 806 1126 torum
843 1076 1276 1127 Christiansenius
1315 1076 1367 1125 in
1404 1075 1520 1125 hist.
1554 1077 1652 1141 jur.
1693 1075 1839 1126 Rom.
1878 1077 1958 1141 (p.
2003 1077 2123 1142 143)
2177 1079 2355 1144 rejicit.
2439 1078 2593 1127 Putat
2631 1079 2767 1126 enim
2802 1077 2977 1126 omnia
3008 1076 3222 1141 negotia

632 1161 699 1211 ad
730 1163 817 1227 jus
853 1162 1111 1227 privatum
1149 1162 1459 1227 pertinentia
1496 1177 1670 1211 coram
1704 1162 1925 1212 testibus
1960 1163 2097 1213 facta
2134 1178 2261 1225 esse,
2316 1177 2533 1229 quorum
2590 1164 2840 1214 memoria
2888 1163 2974 1229 jus
3011 1163 3220 1228 negotio

633 1249 972 1298 constitutum
1006 1257 1415 1299 conservaretur.
1486 1247 1638 1297 Initio
1676 1256 1832 1313 prout
1869 1248 1946 1310 iis,
1988 1249 2075 1313 qui
2110 1250 2374 1315 negotium
2413 1257 2666 1315 gererent,
2705 1249 3018 1299 conveniens
3052 1249 3222 1298 visum

635 1343 687 1384 et
723 1352 818 1400 pro
855 1336 1051 1401 negotii
1087 1336 1337 1401 cujusque
1374 1343 1557 1384 natura
1591 1334 1749 1384 modo
1787 1336 2052 1400 majorem,
2108 1335 2265 1383 modo
2321 1336 2575 1386 minorem
2612 1352 2883 1384 numerum
2921 1334 3220 1396 adhibitum,

630 1421 756 1470 dum
792 1437 890 1471 usu
927 1421 1170 1470 diuturno
1210 1422 1539 1481 constitisset,
1588 1438 1695 1486 non
1742 1422 1912 1470 minus
1950 1439 2103 1487 quam
2144 1422 2369 1485 quinque
2406 1430 2565 1470 testes
2618 1421 2822 1485 requiri.
2912 1417 3046 1468 Sane
3098 1418 3223 1469 dicit

632 1506 794 1574 Gajus
832 1508 891 1574 (I.
934 1509 1046 1570 189,
1086 1508 1172 1557 ΙΙΙ.
1215 1508 1335 1573 174)
1372 1525 1479 1557 non
1516 1508 1701 1570 minus,
1741 1526 1895 1575 quam
1933 1509 2159 1574 quinque
2193 1515 2352 1557 testes
2380 1508 2626 1569 adhiberi,
2665 1523 2826 1572 eaque
2854 1506 3014 1555 verba
3029 1505 3219 1556 indicio

632 1612 749 1646 esse
787 1595 1044 1657 videntur,
1084 1595 1237 1645 etiam
1276 1596 1449 1661 plures
1487 1594 1720 1645 adhiberi
1755 1613 1924 1662 posse.
2016 1594 2118 1646 Sed
2164 1595 2289 1645 haec
2326 1613 2431 1645 non
2469 1595 2721 1662 perspicio
2760 1610 2850 1644 cur
2885 1602 3092 1644 nostrae
3133 1594 3221 1643 ob-

632 1691 770 1731 stent
824 1683 1123 1731 sententiae.
1224 1681 1511 1731 Prudentes
1566 1683 1806 1731 nimirum
1859 1682 2080 1731 Romani
2133 1684 2327 1748 majore
2382 1699 2597 1732 numero
2650 1682 2904 1731 minorem
2968 1681 3218 1731 contineri

630 1768 1116 1830 animadvertentes,
1172 1768 1328 1817 modo
1384 1768 1610 1834 quinque
1668 1768 1923 1831 adessent,
1977 1770 2225 1834 majorem
2280 1785 2549 1818 numerum
2594 1785 2700 1818 non
2736 1785 2924 1818 nocere
2964 1768 3218 1818 dixerunt.

628 1853 784 1913 Quod
823 1862 994 1904 autem
1032 1872 1185 1903 nemo
1223 1862 1457 1903 veterum
1497 1854 1700 1904 disertis
1738 1856 1911 1904 verbis
1949 1855 2150 1917 dixerit,
2204 1856 2320 1904 illos
2373 1863 2532 1904 testes
2585 1856 2760 1920 populi
2799 1855 3036 1904 classium
3074 1855 3219 1919 quasi

629 1940 826 2005 effigies
866 1956 1052 2005 parvas
1091 1940 1413 2001 adumbrare,
1470 1957 1628 2005 quum
1665 1941 1941 1989 multarum
1988 1958 2161 1989 rerum
2217 1942 2469 1989 rationem
2523 1959 2628 1989 non
2681 1941 2998 1989 reddiderint
3048 1957 3218 2005 neque

629 2042 811 2074 eorum
848 2027 1088 2075 universe
1125 2027 1280 2075 fuerit
1315 2043 1486 2075 rerum
1526 2043 1706 2099 causas
1742 2027 2013 2091 inquirere,
2068 2028 2253 2077 mirum
2292 2027 2454 2076 videri
2498 2044 2604 2076 non
2645 2027 2811 2077 debet.
2899 2028 3220 2093 Argumenta

630 2119 805 2160 autem
842 2129 997 2176 supra
1034 2112 1255 2162 adducta
1288 2113 1490 2177 planius
1528 2121 1678 2178 atque
1716 2114 1955 2178 apertius,
1993 2130 2144 2178 quam
2181 2130 2550 2178 nonnunquam
2583 2113 2776 2163 directa
2803 2113 3111 2175 testimonia,
3147 2113 3219 2161 lo-

628 2204 867 2262 quuntur.

1867 2322 1978 2386 §a

843 2454 938 2504 His
974 2443 1244 2520 disputatis
1282 2455 1345 2504 de
1392 2456 1599 2504 testium
1645 2455 1698 2504 in
1743 2456 2209 2520 mancipationibus
2258 2456 2605 2505 adhibitorum
2650 2457 2838 2505 eximia
2890 2456 3109 2521 quadam
3163 2457 3217 2505 vi

627 2550 679 2590 et
730 2551 1003 2607 potestate,
1057 2543 1368 2608 mancipatio
1422 2552 1632 2607 peracta
1686 2542 1830 2606 quasi
1884 2542 2076 2607 populo
2134 2541 2369 2592 Romano
2424 2543 2478 2593 in
2534 2543 2724 2593 classes
2780 2559 2897 2594 suas
2941 2542 3213 2594 distributo

623 2636 847 2678 testante
885 2629 970 2678 vel
1005 2629 1178 2694 potius
1215 2629 1552 2678 confirmante
1592 2636 1734 2677 actus
1773 2628 1868 2676 erit
1903 2628 2055 2677 nobis
2093 2629 2322 2677 omnium
2358 2630 2581 2679 maxime
2621 2630 2799 2691 civilis,
2847 2646 2949 2694 quo
2987 2629 3215 2679 comitio·

625 2730 751 2762 rum·
777 2714 1050 2764 simulacra
1083 2731 1246 2781 parva
1282 2713 1586 2764 adumbrata
1623 2715 1737 2764 sint.
1822 2713 1987 2773 Quam
2025 2714 2092 2763 ob
2131 2730 2336 2764 causam
2373 2732 2479 2764 non
2517 2716 2624 2763 sine
2665 2716 2967 2765 temeritatis
3004 2715 3214 2764 crimine

625 2800 841 2849 forsitan
878 2800 1032 2862 dices,
1088 2802 1218 2850 sicut
1261 2808 1586 2862 testamenta,
1640 2801 1713 2849 ita
1750 2801 1936 2862 omnia,
1991 2817 2121 2866 quae
2177 2801 2339 2851 serius
2393 2802 2825 2867 mancipationem
2880 2802 3214 2867 postularent,

622 2885 876 2950 principio
913 2887 1048 2936 veris
1085 2887 1305 2937 comitiis
1341 2905 1613 2952 rerumque
1662 2887 1885 2952 mancipi
1940 2886 2301 2938 alienationem
2356 2903 2449 2953 per
2503 2887 2669 2953 ipsum
2726 2888 2972 2953 populum
3025 2887 3213 2936 factam

624 2988 752 3022 esse.
827 2970 1253 3039 Quandoquidem
1288 2992 1414 3024 vero
1454 2974 1763 3039 mancipatio
1803 2974 1909 3022 sive
1947 2974 2258 3039 mancipium
2297 2991 2329 3022 a
2362 2990 2519 3023 manu
2557 2982 2606 3023 et
2638 2974 2888 3041 capiendo
2910 2981 2986 3023 est
3007 2973 3213 3036 dictum,

621 3059 743 3110 inde
782 3060 1040 3126 conjicere
1074 3061 1209 3122 licet,
1263 3069 1431 3111 actum
1478 3062 1614 3110 hunc
1663 3062 1930 3110 solennem
1978 3060 2113 3126 apud
2162 3062 2359 3126 priseos
2397 3053 2660 3110 Romanos
2698 3062 2806 3111 nihi
2842 3061 2894 3108 in
2931 3060 3025 3122 his,
3082 3074 3210 3125 quae

620 3163 778 3195 manu
815 3145 1102 3212 capiuntur,
1137 3147 1504 3197 transferendis
1542 3147 1784 3197 usitatum
1821 3163 1928 3196 non
1966 3147 2138 3197 fuisse.
2208 3146 2289 3197 Ex
2325 3162 2541 3198 numero
2580 3156 2750 3198 autem
2788 3163 2960 3197 rerum
2988 3148 3211 3214 mancipi

619 3249 779 3280 manu
814 3235 928 3299 capi
965 3241 1231 3298 nequeunt
1266 3233 1455 3281 familia
1492 3243 1541 3282 et
1577 3235 1689 3300 jura.
1723 3232 2065 3299 praediorum,
2117 3250 2273 3298 quum
2321 3234 2422 3283 sint
2457 3234 2812 3299 incorporalia.
2904 3230 3006 3283 Sed
3041 3249 3207 3298 neque

620 3321 733 3387 ipsa
768 3322 993 3388 praedia,
1030 3322 1152 3370 licet
1186 3322 1330 3388 tangi
1365 3323 1575 3387 possint,
1615 3341 1770 3371 manu
1807 3321 2050 3387 capimus.
2139 3319 2206 3370 Et
2258 3321 2496 3371 novimus
2541 3321 2594 3370 in
2630 3321 2709 3371 his
2748 3319 2986 3370 omnibus
3021 3319 3208 3370 manci·

618 3408 805 3474 pandis
841 3425 1053 3460 necesse
1092 3426 1200 3460 non
1237 3409 1411 3471 fuisse,
1447 3426 1602 3460 manu
1639 3427 1722 3460 res
1751 3410 2092 3477 mancipanda
2121 3409 2604 3476 apprehenderetur.
2663 3408 2987 3475 Quapropter
3004 3417 3208 3475 praeter

618 3494 858 3546 homines
896 3514 952 3546 ac
984 3497 1221 3563 jumenta
1257 3504 1587 3563 armentaque
1624 3497 1880 3566 indigena,
1923 3515 2078 3565 quum
2114 3497 2551 3563 mancipationum
2590 3495 2822 3547 solennia
2858 3503 3206 3556 nascerentur,

618 3600 702 3632 res
739 3583 963 3649 mancipi
998 3586 1164 3634 nullas
1202 3584 1361 3634 fuisse
1405 3600 1705 3648 persuasum
1759 3587 1882 3635 mihi
1936 3587 2119 3635 habeo,
2208 3583 2314 3633 Eae
2367 3603 2449 3634 res
2505 3584 2838 3650 quamobrem
2893 3583 2991 3633 hoc
3048 3582 3205 3632 modo
