3461 4168
1428 128 1491 175 1⁹

169 278 443 345 insignitae
480 276 640 326 sunt?
716 276 836 344 Ipsa
870 287 922 328 et
957 279 1283 346 mancipandi
1320 290 1370 329 et
1404 297 1578 331 rerum
1611 279 1835 346 mancipi
1870 279 2142 345 appellatio
2182 283 2560 346 quaerentibus·
2576 284 2748 349 nobis,

171 363 292 429 quid
327 362 654 412 statuendum
690 365 939 426 videatur,
976 365 1166 415 indicio
1203 350 1315 414 esse
1352 374 1404 415 et
1439 367 1630 432 poterit
1663 374 1720 416 et
1750 365 1974 415 debebit.

386 447 446 497 In
480 450 868 515 mancipationis
905 451 1212 500 solennitate
1260 451 1579 514 celebranda,
1637 453 1801 517 qualis
1838 451 2044 517 cognita
2082 460 2161 500 est
2195 453 2359 514 nobis,
2413 455 2579 518 ipsum
2613 457 2743 507 illud

170 551 327 583 manu
363 551 543 600 capere
580 537 747 585 forma
782 544 983 585 tantum
1020 543 1145 596 erat,
1200 552 1300 599 qua
1334 554 1436 601 quo
1475 540 1689 588 consilio
1729 554 1982 603 quemque
2020 538 2072 585 in
2108 537 2265 587 finem
2302 540 2563 604 negotium
2601 559 2743 607 gere-

169 628 324 683 retur,
359 621 695 683 indicabatur,
749 631 800 670 et
844 623 1018 687 utique
1053 621 1407 685 requirebatur
1445 624 1509 671 ad
1555 626 1640 689 ⁴jus
1675 623 2088 674 transferendum
2127 623 2323 672 domini
2356 626 2594 675 voluntas
2631 643 2744 678 rem

171 707 439 757 alienandi.
528 706 723 767 Quodsi
759 708 872 772 quis
909 722 1066 755 manu
1101 706 1352 771 capiendo
1388 723 1532 756 suam
1567 725 1676 758 rem
1713 711 1915 759 efficere
1962 710 2134 770 vellet,
2188 709 2260 758 ita
2311 716 2369 758 ut
2422 709 2519 758 hoc
2575 712 2743 761 solum

169 811 263 859 per
298 811 353 844 se
391 793 458 846 ad
487 794 572 860 §us
609 791 974 859 acquirendum
1012 791 1285 853 sufficeret,
1342 809 1372 840 a
1416 793 1527 843 cive
1574 795 1819 860 capiendo
1855 814 1964 846 rem
2002 797 2195 846 furtum
2230 795 2559 846 committens
2598 813 2744 847 suam

169 880 339 929 faeere
373 897 480 931 non
515 887 731 945 poterat,
762 894 851 926 ·ne
906 877 1124 926 decursu
1179 878 1383 941 quidem
1436 880 1696 944 temporis,
1752 882 1991 944 quoniam
2039 882 2284 931 adversus
2332 882 2500 930 furem
2536 890 2747 932 aeterna

172 974 283 1015 erat
319 967 608 1016 auctoritas.
681 963 850 1022 Quare
887 964 1061 1028 utique
1099 981 1309 1014 necesse
1350 973 1459 1014 erat
1498 983 1563 1014 ex
1598 966 1833 1015 hostibus
1870 984 1953 1016 res
1990 976 2268 1032 caperetur.
2355 967 2551 1018 Verum
2589 969 2746 1035 igitur

170 1055 495 1120 mancipium,
550 1069 651 1117 quo
687 1051 800 1115 quis
838 1051 990 1100 etiam
1028 1069 1134 1100 non
1170 1053 1522 1102 consentiente
1562 1053 1771 1101 domino
1811 1054 1920 1102 sine
1955 1054 2061 1101 ulla
2094 1055 2193 1102 alia
2228 1072 2281 1104 re
2318 1072 2435 1104 suas
2470 1073 2555 1105 res
2592 1056 2744 1105 facie-

172 1140 276 1203 bat,
312 1139 533 1207 praedae
571 1144 681 1186 erat
719 1137 1055 1205 exhhostibus
1090 1138 1354 1187 faciendae
1396 1140 1676 1205 occupatio.
1747 1138 1859 1187 Hoc
1878 1155 2058 1188 verum
2094 1140 2401 1206 mancipium
2438 1142 2546 1191 sine
2583 1142 2742 1192 dubio

170 1233 402 1292 tempore
440 1223 719 1290 praecessit
755 1223 879 1273 illud
918 1224 1290 1290 imaginarium,
1346 1232 1403 1275 ut
1454 1226 1527 1275 ita
1569 1225 1755 1287 dicam,
1806 1241 1904 1290 quo
1951 1241 2043 1291 per
2081 1241 2166 1275 aes
2204 1235 2254 1275 et
2288 1227 2472 1276 libram
2526 1228 2744 1279 testibus

169 1310 527 1378 praesentibus
562 1326 733 1358 rerum
772 1309 999 1359 dominia
1032 1310 1375 1359 mutabantur.
1457 1309 1610 1370 Quod
1653 1311 2010 1379 imaginarium
2043 1312 2350 1377 mancipium
2387 1313 2430 1362 si
2466 1316 2587 1362 eum¹
2617 1330 2744 1364 vero

171 1398 260 1447 isto
296 1397 628 1461 conjunctum
666 1381 1043 1459 quodammodo
1083 1404 1134 1445 et
1179 1397 1325 1460 quasi
1362 1415 1426 1445 ex
1467 1396 1648 1446 eodem
1685 1406 1862 1446 natum
1898 1414 2010 1446 esse
2047 1397 2412 1458 existimamuS,
2460 1416 2490 1446 a
2527 1400 2744 1449 veritate

171 1490 296 1549 puto
332 1500 429 1532 nos
466 1499 574 1531 non
608 1480 861 1531 aberrare.

388 1568 758 1621 Verumtamen
794 1585 949 1634 quum
985 1569 1169 1619 milites
1207 1587 1313 1620 non
1350 1570 1447 1620 sibi
1496 1570 1711 1636 quisque
1755 1578 1984 1636 caperet,
2038 1569 2132 1619 sed
2186 1569 2521 1636 reipublicae,
2574 1571 2746 1623 minus

170 1666 309 1707 rect-e
364 1657 505 1719 dixi,
575 1673 656 1706 res
712 1655 933 1721 praedae
987 1657 1051 1705 ab
1107 1657 1339 1707 hostibus
1390 1665 1566 1723 partae
1623 1657 1930 1723 capientium
1997 1657 2158 1707 factas
2224 1674 2349 1707 esse.
2465 1657 2745 1725 Dionysius

176 1742 312 1810 (VII.
352 1744 417 1793 58
455 1742 533 1792 ed.
572 1741 816 1809 Sylburg)
867 1749 1104 1792 constare
1139 1744 1231 1805 ait,
1283 1744 1525 1809 praedam
1572 1760 1638 1793 ex
1684 1743 1918 1794 hostibus
1964 1751 2165 1809 captam
2200 1744 2517 1810 milit-umque
2555 1745 2743 1796 virtute

171 1839 372 1896 partam
403 1829 468 1880 ad
488 1829 856 1895 rempublicam
891 1829 1018 1895 legis
1048 1830 1195 1895 jussu
1230 1831 1498 1895 pertinere,
1536 1838 1586 1880 et
1622 1848 1729 1880 non
1763 1829 1920 1879 modo
1949 1830 2145 1879 nullum
2180 1830 2436 1894 privatum
2465 1830 2743 1893 hominem,

174 1917 267 1965 sed
299 1933 365 1965 ne
402 1917 570 1980 ipsum
607 1916 810 1979 quidem
847 1916 1207 1979 imperatorem
1244 1918 1296 1964 in
1334 1934 1442 1964 eam
1476 1918 1558 1980 jus
1597 1917 1802 1965 habere.
1892 1915 2055 1973 Quem
2110 1933 2264 1979 quum
2315 1917 2533 1965 sciamus
2569 1918 2744 1968 multis

174 2003 422 2067 exemplis
459 2000 702 2067 praeda-m
738 2001 928 2066 passim
964 2001 1210 2050 militibus
1247 2001 1575 2063 distribuisse,
1632 2009 1683 2051 et
1732 2002 1803 2050 ita
1850 2001 2069 2066 quidem,
2117 2009 2172 2049 ut
2214 2002 2299 2065 jus
2335 2008 2745 2067 potestatemque

176 2106 289 2138 eam
326 2087 663 2137 distribuendi
703 2087 801 2136 sibi
837 2104 1095 2136 assumere
1132 2087 1378 2149 videatur,
1432 2104 1686 2152 quumque
1743 2103 1809 2136 ex
1854 2095 1933 2137 tot
1978 2087 2105 2135 locis
2152 2104 2311 2135 unum
2348 2087 2474 2135 illud
2509 2086 2747 2154 Dionysii

172 2175 523 2224 testimoninm
559 2177 611 2222 in
646 2175 760 2239 lege
797 2174 1002 2233 nitatur,
1040 2190 1167 2237 quae
1206 2174 1444 2238 praedam
1480 2173 1789 2238 reipublicae
1830 2173 2019 2237 acquiri
2060 2173 2284 2237 jusserit,
2331 2173 2551 2237 quidam,
2604 2174 2748 2224 velut

172 2261 412 2329 Mayerus
459 2261 512 2310 in
561 2258 870 2326 ephemerid.
912 2259 1117 2324 jurispr.
1156 2259 1269 2309 hist.
1310 2258 1463 2324 (VIII,
1501 2277 1547 2324 p.
1588 2260 1674 2324 74)
1729 2258 1897 2308 dicere
1935 2275 2039 2307 non
2079 2257 2313 2309 dubitant
2349 2256 2654 2325 Dionysium
2689 2259 2744 2310 in

175 2365 348 2398 errore
385 2347 593 2397 versari.
665 2345 880 2395 Temere
918 2346 992 2394 illi
1030 2345 1249 2410 quidem,
1287 2354 1342 2394 ut
1377 2346 1588 2406 videtur,
1628 2362 1785 2409 quum
1819 2345 1902 2392 ille
1939 2361 2107 2392 rerum
2140 2343 2487 2393 Romanarum
2525 2346 2745 2410 scriptor

174 2435 241 2484 ad
292 2436 465 2501 legem
515 2450 621 2482 non
675 2440 1023 2498 provocasset,
1075 2432 1174 2481 nisi
1226 2433 1328 2480 tale
1384 2431 1501 2496 quid
1547 2432 1733 2495 jubens
1780 2431 1972 2479 fuisset.
2064 2413 2178 2488 Qua
2219 2446 2274 2478 re
2311 2437 2481 2478 motus
2518 2429 2745 2481 Danzius

175 2520 235 2589 (Ι.
272 2538 322 2588 p.
365 2521 484 2586 197)
522 2518 862 2569 differentiam
898 2517 1055 2568 fuisse
1092 2525 1268 2569 censet
1303 2535 1471 2568 rerum
1508 2517 1641 2567 bello
1678 2523 1971 2582 captarum:
2029 2514 2091 2566 de
2137 2514 2461 2581 quibusdam,
2516 2515 2581 2565 ad
2616 2533 2746 2567 rem·

174 2608 431 2675 publicam
482 2606 671 2671 quippe
716 2604 1105 2669 pertinentibus,
1160 2605 1519 2669 imperatorem
1573 2603 1698 2653 nihil
1751 2610 1989 2663 statuere,
2045 2609 2242 2652 ceteras
2297 2619 2441 2651 more
2495 2603 2749 2667 majorum

181 2695 316 2744 inter
349 2693 537 2742 milites
574 2690 802 2740 dividere
839 2691 1081 2756 potuisse.
1169 2689 1291 2739 Illas
1331 2689 1648 2755 imperatoris
1700 2687 1910 2736 arbitrio
1956 2686 2214 2737 detractas
2253 2705 2335 2735 res
2373 2688 2549 2753 populi
2586 2688 2749 2738 factas

176 2782 243 2831 ab
277 2782 390 2846 ipso
427 2795 601 2828 rursus
639 2777 854 2842 singulis
887 2776 1122 2827 venditas
1163 2794 1290 2838 esse,
1349 2793 1533 2841 easque
1580 2775 1732 2824 fuisse
1770 2791 1854 2822 res
1891 2774 2129 2839 mancipi.
2218 2773 2296 2823 De
2332 2775 2568 2839 praediis,
2622 2775 2750 2824 nihil

175 2884 424 2934 repugnO,
479 2864 751 2931 quominus
787 2862 983 2914 Danzio
1022 2856 1272 2914 assentiar
1305 2862 1513 2928 neganti
1549 2862 1904 2926 imperatorem
1948 2859 2003 2908 in
2050 2876 2203 2926 agros
2247 2860 2384 2910 bello
2440 2870 2615 2926 captos
2660 2861 2746 2925 jus

175 2955 432 3003 habuisse.
521 2951 582 3001 Id
622 2967 714 3016 per
767 2966 821 2999 se
874 2949 1104 3015 intelligi,
1158 2967 1256 3000 nec
1292 2966 1420 3015 opus
1459 2965 1568 2998 esse
1606 2947 1910 2997 testimoniis
1948 2947 2182 2997 arbitror.
2271 2946 2465 2997 Verum
2501 2949 2553 2996 in
2591 2947 2743 2996 rebus

181 3058 237 3090 se
276 3039 604 3089 moventibus
639 3038 791 3102 longe
829 3036 934 3084 alia.
965 3043 1043 3084 est
1079 3037 1228 3097 ratio,
1281 3054 1375 3085 nec
1411 3036 1509 3085 loci
1548 3052 1577 3083 a
1612 3033 1806 3082 Danzio
1845 3034 2052 3099 allegati
2087 3035 2359 3095 sufficiunt,
2414 3034 2594 3098 quibus
2628 3048 2746 3098 pro·

176 3128 341 3189 betur,
397 3126 461 3175 de
499 3124 794 3174 hominibus
833 3131 883 3171 et
921 3123 1066 3188 equis
1101 3122 1463 3190 imperatorem
1501 3120 1621 3187 quid
1659 3127 1968 3169 statueretur
2017 3121 2293 3170 decernere
2340 3138 2442 3168 non
2497 3119 2740 3184 potuisse.

175 3211 307 3263 Nam
344 3211 486 3277 quod
518 3211 736 3277 legimus
773 3209 1002 3275 captivos
1042 3215 1195 3282 atque
1252 3226 1414 3275 equos
1466 3207 1699 3260 venditos
1756 3223 1884 3269 esse,
1941 3224 2003 3258 ea
2054 3224 2109 3259 re
2166 3224 2322 3273 quum
2375 3220 2740 3270 saepenumero

176 3307 339 3351 totam
392 3296 639 3364 praedam
690 3295 953 3348 venditam
1006 3313 1118 3347 esse
1167 3294 1630 3356 animadvertimus
1687 3292 1934 3359 suspicari
1988 3312 2094 3345 non
2139 3293 2272 3355 licet,
2326 3290 2468 3357 quasi
2510 3309 2591 3341 res
2644 3306 2742 3341 nec

178 3386 398 3452 mancipi
426 3386 604 3452 populi
638 3404 745 3435 non
780 3386 962 3448 factae,
1010 3384 1100 3436 sed
1139 3385 1313 3451 utique
1349 3385 1482 3434 inter
1518 3382 1702 3432 milites
1738 3381 2040 3433 distributae
2079 3383 2278 3443 fuerint,
2317 3398 2410 3429 nec
2446 3377 2743 3445 imperatori

173 3478 258 3545 Jus
295 3474 546 3536 adimitur,
586 3473 739 3522 etiam
775 3474 1010 3523 homines
1049 3480 1200 3539 atque
1241 3489 1399 3540 equos
1437 3472 1679 3521 militibus
1700 3471 1998 3520 concedere.
2053 3471 2184 3531 Quin
2202 3471 2343 3517 locus
2363 3466 2742 3534 Ciceronis,¹4)

387 3585 429 3630 ¹⁴)
452 3564 527 3619 'ciess
555 3586 598 3618 de
625 3587 758 3619 invent.
786 3587 815 3619 1.
844 3585 891 3620 45
919 3588 950 3620 si
976 3588 1043 3621 dici
1070 3588 1182 3628 possit
1208 3596 1249 3619 ex
1276 3587 1437 3620 hostibus
1462 3592 1575 3626 equus
1601 3592 1683 3618 esse
1708 3588 1848 3629 eaptus,
1876 3586 1977 3626 cujus
2003 3584 2152 3626 praedae
2177 3583 2286 3615 sectio
2313 3591 2387 3615 non
2411 3583 2568 3616 venierit.

2113 3648 2171 3688 3*
