3461 4168
1435 132 1498 179 47

189 284 330 352 qnod
363 285 477 352 ips»
506 284 782 351 appellatio
817 284 1017 352 probat,
1072 286 1398 354 obligationis
1440 283 1726 335 neotendae
1777 285 1952 352 gratia.
2040 284 2234 344 Quodsi
2285 287 2502 353 pecunia
2555 286 2749 339 credita

188 373 360 424 danda
388 380 518 434 erat,
564 390 670 423 non
718 389 833 423 eam
870 373 936 423 ob
974 388 1179 424 causam
1213 390 1306 439 per
1343 390 1432 423 aes
1466 380 1517 422 et
1550 372 1734 422 libram
1768 390 1851 422 res
1888 373 2147 439 agebatur,
2194 382 2252 423 ut
2286 375 2569 427 domini-um
2601 393 2746 427 num-

185 475 388 511 morum
411 459 492 511 -ad
525 460 742 511 alterum
774 461 1134 512 transferretur
1168 459 1343 527 (quod
1379 476 1535 527 quum
1577 460 1724 511 fieret
1760 460 1870 512 sola
1904 460 2179 523 tratitione,
2234 461 2366 512 civili
2403 463 2602 514 actione
2637 481 2745 516 non

180 554 299 598 erat
336 547 526 614 opus),
550 534 553 536 ⁴
579 547 673 598 sed
719 546 907 598 idcirco
957 563 1070 599 eam
1113 547 1330 598 formam
1377 547 1618 598 adhibere
1655 547 1876 598 creditor
1911 543 2148 610 malebat,
2205 548 2326 613 quia
2359 565 2515 614 quum
2549 551 2745 601 facilior

184 634 422 701 probatio
457 643 566 685 tum
600 635 724 701 nexi
760 636 1003 703 obligatio
1038 652 1162 701 prae
1199 636 1378 685 ceteris
1425 635 1664 701 insignita
1711 643 1831 685 erat.
1918 634 2017 685 Per
2064 653 2150 685 aes
2198 644 2249 685 et
2295 636 2477 686 libram
2528 646 2743 704 utroque

186 724 400 772 consilio
436 723 644 788 negotia
661 724 976 788 agebantur,
1027 731 1134 771 tam
1180 723 1503 788 obligationis
1539 723 1929 784 contrahendae,
1984 740 2135 787 quam
2188 723 2400 771 dominii
2450 726 2743 775 transfendi.

184 807 253 860 Et
286 821 538 876 nusquam
574 809 771 873 dicitur,
823 810 1077 876 mancipio
1133 811 1303 859 omnia
1354 827 1447 878 per
1482 827 1567 859 aes
1604 819 1653 860 et
1698 811 1879 860 libram
1932 811 2067 860 facta
2118 810 2335 876 ideoque
2389 811 2560 861 omnia
2611 830 2746 862 nexa

186 897 470 947 contineri:
523 907 702 947 contra
733 897 994 964 mancipia
1020 897 1075 946 in
1107 914 1359 947 nexorum
1396 914 1607 947 numero
1646 915 1760 948 esse.
1792 898 2021 964 legimus⁸
2095 897 2416 965 Quapropter
2452 915 2605 948 causa
2639 916 2745 949 non

187 993 280 1047 est,
317 1003 407 1034 cur
442 984 737 1035 studeamus
780 985 1131 1035 demonstrare
1183 986 1307 1035 nexi
1362 985 1723 1052 obligationem
1775 985 2148 1051 mancipatione
2202 995 2519 1036 contractum
2572 987 2744 1039 fuisse.

184 1071 318 1133 Quid
355 1074 489 1123 enim
527 1083 618 1137 est,
654 1073 792 1140 quod
826 1082 1033 1124 moveat
1067 1093 1178 1137 nos,
1217 1083 1275 1124 ut
1308 1074 1504 1124 nullum
1541 1083 1707 1124 actum
1741 1082 1944 1141 praeter
1977 1074 2283 1140 mancipium
2319 1084 2424 1125 tam
2460 1076 2744 1143 singulares

185 1162 409 1225 effectus,
465 1162 639 1228 quales
674 1178 865 1210 nexum
907 1163 1162 1228 peperisse
1200 1162 1488 1228 accipimus,
1543 1162 1747 1228 gignere
1795 1162 2022 1228 potuisse
2060 1161 2338 1224 credamus,
2393 1180 2545 1228 quum
2599 1180 2742 1230 prae·

183 1250 359 1299 sertim
396 1257 610 1308 constet,
644 1248 755 1297 XII.
791 1250 990 1298 tabulas
1020 1251 1248 1316 jussisse,
1295 1266 1403 1298 non
1438 1250 1602 1297 solum
1639 1249 1774 1314 quod
1808 1251 1861 1298 in
1896 1249 2166 1314 mancipio,
2202 1267 2379 1298 verum
2417 1252 2567 1299 etiam
2605 1252 2742 1317 quod

181 1337 235 1386 in
270 1343 408 1385 nex'o
444 1335 678 1393 faciendo
714 1336 889 1403 lingua
922 1346 1281 1403 nuncupasset,
1335 1336 1388 1384 id
1435 1344 1602 1384 ratum
1639 1336 1787 1385 esse?
1857 1335 2045 1385 Forma
2080 1336 2283 1400 quidem
2318 1338 2514 1402 utrique
2552 1339 2740 1387 actioni

184 1423 322 1473 civili
356 1423 640 1472 communis
680 1430 801 1484 erat,
840 1423 929 1472 sed
966 1423 1224 1473 diversum
1258 1424 1311 1472 iu
1344 1422 1500 1471 finem
1535 1423 1623 1471 illa
1656 1423 1941 1472 utebantur.

1392 1625 1418 1694 ς
1457 1627 1534 1676 21.

394 1752 544 1813 Quod
582 1752 703 1815 dixi,
739 1753 957 1801 formam
994 1770 1130 1801 nexo
1171 1760 1221 1802 et
1258 1752 1510 1818 mancipio
1548 1770 1870 1801 communem
1905 1752 2090 1812 fuisse,
2126 1752 2196 1799 ita
2231 1770 2407 1800 verum
2446 1761 2545 1814 est,
2593 1761 2649 1801 ut
2684 1754 2738 1802 in

175 1849 390 1908 utroque
445 1841 664 1908 quinque
718 1841 933 1891 testibus
980 1840 1334 1907 praesentibus
1383 1857 1413 1890 a
1456 1832 1737 1907 libripende
1786 1857 1872 1890 aes
1920 1856 2202 1909 appensum
2249 1840 2412 1893 fuerit.
2484 1838 2736 1904 Ceterum,

176 1946 304 1994 quae
362 1937 471 1979 erat
524 1928 792 1978 diversitas
840 1928 1061 1989 consilii,
1116 1945 1216 1993 quo
1264 1928 1567 1995 agebantur,
1614 1927 1715 1976 alia
1758 1927 1881 1977 nexi
1916 1927 2072 1989 aeris,
2127 1927 2224 1977 alia
2260 1928 2496 1993 mancipii
2533 1928 2738 1993 propria

175 2024 331 2066 erant.
403 2013 503 2078 Qui
536 2016 788 2081 mancipio
829 2015 1108 2081 accipiebat
1147 2024 1233 2064 aut
1268 2033 1538 2081 personam
1574 2022 1660 2063 aut
1696 2032 1804 2063 rem
1843 2031 1898 2064 se
1933 2023 2251 2075 moventem,
2300 2032 2412 2063 eam
2459 2015 2736 2081 apprehen-

174 2103 294 2153 dere
332 2103 567 2166 debebat,
606 2111 655 2153 et
688 2104 742 2152 in
779 2103 1127 2169 mancipandis
1157 2102 1376 2169 praediis
1409 2111 1458 2152 et
1488 2103 1812 2152 servitutibus
1843 2102 2167 2168 praediorum
2197 2103 2501 2163 rusticorum
2531 2120 2736 2153 manum

174 2210 304 2255 eum,
343 2194 522 2242 saltem
559 2193 848 2258 antiquitus,
887 2193 1149 2242 sustulisse
1186 2192 1456 2241 verisimile
1493 2192 1656 2240 visum
1694 2200 1783 2240 est.
1840 2190 2087 2240 Neutrum
2124 2192 2175 2239 in
2212 2209 2346 2240 nexo
2385 2209 2500 2240 aere
2539 2201 2735 2241 contra-

172 2279 343 2330 hendo
382 2296 591 2330 necesse
630 2286 760 2342 erat,
810 2280 1049 2345 quoniam
1096 2296 1200 2328 non
1248 2278 1301 2328 id
1347 2279 1612 2345 agebatur,
1660 2286 1717 2327 ut
1755 2279 1839 2344 qui
1876 2278 2235 2328 raudusculum
2274 2278 2451 2340 dabat,
2500 2279 2552 2327 in
2590 2295 2733 2328 suam

171 2375 481 2433 potestatem
525 2367 786 2417 hominem
821 2367 905 2416 vel
939 2384 1048 2416 rem
1085 2366 1352 2433 redigeret,
1388 2384 1563 2415 verum
1599 2365 1668 2428 id,
1703 2373 1760 2416 ut
1796 2366 2010 2415 alterum
2050 2366 2356 2432 obligatione
2390 2366 2486 2414 sibi
2516 2366 2733 2414 obstrin-

172 2463 329 2520 geret.
385 2453 616 2507 Eandem
655 2454 723 2503 ob
759 2472 965 2504 causam
1005 2452 1215 2503 dubium
1252 2472 1362 2503 esse
1399 2472 1503 2503 non
1536 2461 1720 2519 potest,
1758 2454 1881 2521 quin
1915 2453 2128 2502 diversis
2166 2453 2336 2502 verbis
2371 2453 2453 2502 usi
2488 2453 2606 2514 sint,
2642 2453 2734 2503 sed

172 2541 371 2607 quibus,
406 2541 626 2591 formula
660 2541 811 2590 nobis
846 2542 987 2592 nulla
1023 2549 1238 2603 servata,
1276 2542 1330 2590 in
1364 2542 1555 2589 incerto
1591 2540 1904 2605 relinquitur.
1961 2539 2213 2599 Quoniam
2248 2556 2373 2587 vero
2404 2540 2457 2588 in
2495 2540 2735 2590 omnibus

172 2629 457 2679 actionibus
494 2628 726 2678 civilibus
761 2628 826 2690 is,
864 2628 949 2693 qui
977 2628 1063 2695 jus
1099 2629 1196 2678 sibi
1232 2628 1542 2689 assumebat,
1579 2627 1798 2692 ideoque
1832 2635 1937 2676 tam
1972 2627 2025 2676 in
2059 2627 2182 2675 nexi
2215 2626 2545 2689 liberatione,
2583 2644 2735 2692 quam

170 2716 224 2766 in
260 2716 634 2782 mancipatione
669 2715 736 2776 is,
774 2715 885 2780 quis
920 2715 1280 2765 raudusculum
1317 2715 1490 2777 dabat,
1527 2715 1684 2764 verba
1719 2722 1857 2764 certa
1893 2714 2250 2778 eloquebatur,
2286 2715 2339 2764 in
2375 2732 2512 2764 nexo
2550 2715 2734 2764 consti·

171 2803 363 2857 tuendo
402 2803 666 2854 creditoris
705 2811 827 2865 erat,
863 2803 990 2853 haec
1028 2803 1191 2853 verba
1222 2804 1565 2870 pronuntiare,
1602 2802 1784 2869 quibus
1814 2801 2098 2851 debitorem
2130 2801 2422 2864 damnabat,
2459 2811 2516 2853 ut
2542 2811 2732 2853 statuto

170 2901 403 2963 tempore
439 2893 704 2959 pecuniam
742 2892 977 2942 solveret.
1028 2891 1307 2941 Dicebatur
1344 2892 1548 2941 omnino
1588 2890 1843 2939 damnatio
1879 2907 1973 2956 pro
2012 2890 2340 2957 obligationis
2370 2891 2594 2954 vinculo,
2631 2909 2730 2957 quo

172 2980 285 3044 quis
319 2988 562 3045 tanquam
596 2981 787 3046 populo
824 2980 930 3044 (vel
967 2979 1118 3029 etiam
1150 2987 1205 3028 ut
1235 2979 1503 3028 damnatus
1533 2979 1652 3040 voti,
1687 2977 1818 3042 Diis)
1857 2978 2131 3027 obstrictus
2161 2979 2554 3045 intelligebatur,
2591 2979 2730 3028 velut

173 3083 238 3116 ex
267 3067 479 3131 judicati
516 3085 670 3120 causa
705 3068 787 3116 vel
823 3084 888 3116 ex
926 3067 1108 3115 delicto
1145 3068 1258 3132 lege
1296 3068 1568 3132 prohibito.
1619 3065 1748 3115 Nam
1787 3082 1846 3115 eo
1882 3066 2013 3131 ipso,
2051 3066 2189 3131 quod
2227 3066 2438 3116 damnas
2475 3074 2602 3126 erat,
2642 3081 2726 3112 ex-

171 3155 307 3205 celsa
342 3154 592 3219 quaedam
627 3156 751 3221 ejus,
787 3156 867 3204 cui
904 3164 1011 3203 erat
1048 3154 1324 3220 obligatus,
1358 3163 1585 3220 potestas
1619 3153 1960 3220 indicabatur,
1997 3171 2097 3219 quo
2134 3154 2290 3203 homo
2326 3154 2549 3221 privatus
2583 3169 2727 3223 prae·

172 3239 308 3290 ditus
341 3259 448 3291 non
483 3249 606 3292 erat.
678 3240 872 3302 Quibus
920 3240 981 3290 de
1030 3241 1193 3291 causis
1239 3240 1531 3293 Huschkius
1578 3239 1882 3290 creditorem
1930 3241 2200 3307 pecuniam
2237 3239 2475 3289 creditam
2511 3231 2603 3304 per
2639 3255 2727 3289 aes

172 3336 223 3378 et
267 3328 451 3379 libram
498 3329 704 3380 dantem
746 3330 799 3380 in
834 3330 969 3379 hunc
1011 3329 1116 3396 fere
1154 3328 1363 3379 modum
1398 3330 1624 3379 locutum
1661 3345 1772 3378 esse
1810 3329 2094 3381 existimat:
2142 3328 2290 3390 Quod
2326 3344 2418 3394 ego
2456 3326 2550 3376 tibi
2586 3325 2723 3376 mille

170 3418 326 3467 libras
371 3417 470 3467 hoc
518 3435 634 3468 aere
681 3436 937 3484 aeneaque
983 3418 1114 3467 libra
1156 3434 1316 3466 nexas
1360 3416 1503 3479 dedi,
1550 3434 1635 3466 eas
1668 3424 1725 3466 tu
1762 3417 1888 3466 mihi
1924 3426 2044 3484 post
2082 3433 2267 3467 annum
2292 3415 2409 3480 jure
2445 3413 2567 3462 nexi
2602 3412 2723 3466 dare

174 3505 384 3553 damnas
423 3505 638 3569 esto.4⁶)
693 3505 787 3554 His
823 3506 994 3555 verbis
1030 3505 1302 3554 utebantur
1339 3505 1504 3566 etiam,
1542 3504 1777 3569 quotiens
1815 3506 1914 3554 alia
1950 3523 2015 3555 ex
2051 3521 2201 3553 causa
2226 3509 2427 3568 praeter
2455 3502 2723 3566 pecuniam

375 3629 420 3676 ⁴⁵)
446 3632 626 3678 Huschke,
654 3635 767 3670 Recht
790 3636 850 3669 des
876 3644 1003 3670 nexum
1031 3645 1065 3678 p.
1094 3631 1143 3670 50
1167 3643 1266 3676 seqq.
1306 3633 1349 3668 ct.
1378 3633 1537 3675 ejusdem
1563 3632 1715 3669 Studien
1740 3634 1803 3670 du
1826 3635 2024 3673 τὸιηὺοήω
2050 3633 2177 3668 Rechts
2205 3641 2238 3674 p.
2267 3627 2339 3666 205
2365 3638 2466 3672 seqq.
