3461 4168
1517 109 1548 156 9

249 279 362 310 esse
398 261 606 319 dictum,
643 260 781 324 quod
816 279 898 309 res
934 270 1022 310 aut
1054 278 1279 328 persona
1311 260 1670 310 tantummodo
1708 261 1964 327 obligetur
2000 261 2130 326 (sive
2166 265 2435 331 nectatur),
2488 280 2597 312 non
2634 270 2825 328 autem,

249 339 680 411 quemadmodum
716 348 769 395 in
805 350 1084 413 mancipiis,
1120 349 1176 395 in
1211 346 1494 394 dominium
1530 354 1905 411 potestatemve
1925 348 2052 395 alius
2079 349 2423 397 transferatur.
2479 350 2824 415 Consequitur

247 431 349 480 hoc
386 448 453 480 ex
488 431 566 493 iis,
612 450 741 498 quae
778 434 988 483 inferius
1023 435 1279 500 leguntur,
1326 432 1413 479 ubi
1449 433 1656 495 „Liber,
1703 433 1881 499 inquit,
1928 433 2017 518 qui
2060 445 2177 481 suas
2215 450 2395 500 operas
2431 436 2483 483 in
2523 438 2823 487 servitutem

246 520 599 585 propecunia
634 521 853 586 quadam
889 520 1128 580 debebat,
1178 518 1300 566 dum
1337 521 1573 582 solveret,
1619 536 1784 570 nexus
1828 523 2089 570 vocatur.“
2176 518 2352 570 Nexus
2404 522 2556 588 igitur
2591 530 2821 586 vocatur,

249 605 371 671 quia
405 606 551 656 alteri
585 614 785 657 tantum
822 607 1092 672 obligatus,
1130 620 1235 653 non
1275 605 1382 670 ejus
1419 606 1582 656 factus
1620 613 1711 669 est,
1759 612 1817 656 ut
1850 606 1910 655 fit
1944 606 1996 656 in
2033 605 2302 671 mancipio,
2392 605 2630 658 Similiter
2684 608 2822 674 apud

249 692 505 758 antiquOS‚
557 692 711 745 Festo
750 710 788 745 s.
824 710 874 746 v.
925 690 1129 741 Nexum
1173 696 1319 752 teste,
1371 708 1561 742 nexum
1598 709 1685 743 aes
1721 691 1987 742 dicebatur
2033 691 2264 757 pecunia,
2320 709 2448 755 quae
2495 711 2586 756 per
2628 712 2821 743 nexum

249 777 518 844 obligatur.
587 777 718 829 Nam
757 779 851 829 etsi
889 775 1016 826 illud
1052 796 1139 826 aes
1176 777 1285 826 sine
1323 776 1477 826 dubio
1515 779 1806 844 accipientis
1842 779 2004 840 fieret,
2041 780 2279 828 solebant
2313 780 2385 827 ita
2414 780 2582 827 dicere
2604 789 2822 842 veteres,

250 867 367 930 quia
404 885 559 932 quum
599 867 803 915 debitor
838 865 904 913 ad
939 864 1325 930 rependendum
1362 883 1447 913 aes
1482 867 1611 914 libra
1648 876 1698 915 et
1733 885 1849 916 aere
1888 876 2153 933 acceptum
2186 868 2442 934 obligatus
2472 875 2621 928 esset,
2653 868 2824 932 ipsum

249 970 337 1003 aes
374 953 754 1020 quodammodo
793 953 901 1018 ejus
938 969 1044 1002 non
1083 969 1211 1014 esse,
1249 952 1340 1003 sed
1376 952 1638 1003 creditoris
1674 971 1879 1003 manere
1917 953 2200 1004 videbatur.

467 1057 609 1119 Quae
648 1074 804 1123 quum
839 1057 911 1107 ita
946 1057 1061 1119 sint,
1116 1074 1271 1123 quum
1320 1057 1371 1130 in
1420 1058 1518 1107 illis
1553 1066 1799 1122 veterum,
1855 1059 2038 1125 quibus
2073 1076 2265 1108 nexum
2303 1060 2557 1126 explicare
2596 1058 2822 1121 student,

251 1146 588 1211 repugnantia
624 1145 759 1205 insit,
815 1161 1069 1209 quumque
1122 1145 1276 1210 igitur
1328 1145 1460 1193 inter
1506 1146 1633 1209 juris
1686 1146 2098 1211 antiquitatisque
2152 1146 2345 1210 peritos
2383 1146 2611 1211 ejusdem
2659 1162 2822 1210 prope

250 1231 431 1281 aetatis
468 1230 532 1279 de
567 1230 691 1279 nexi
726 1230 937 1279 notione
976 1237 1027 1279 et
1063 1230 1257 1279 ambitu
1293 1231 1636 1280 controversia
1671 1232 1860 1298 agitata
1896 1231 1974 1293 sit,
2028 1248 2136 1280 non
2184 1231 2404 1279 alienum
2448 1230 2722 1292 videretur,
2779 1230 2823 1279 si

251 1317 396 1367 locos
431 1317 549 1367 illos
584 1317 756 1383 potius
794 1316 1127 1383 explicandos
1167 1333 1294 1379 esse,
1333 1335 1482 1383 quam
1517 1335 1625 1367 rem
1663 1319 1916 1384 explicare
1954 1319 2050 1367 rati
2087 1318 2271 1368 missos
2309 1318 2605 1367 faceremus.
2677 1316 2822 1366 Atta-

247 1420 367 1453 men
404 1403 503 1453 hoc
541 1420 607 1452 ex
642 1403 823 1453 iisdem
861 1403 1058 1453 discere
1095 1403 1341 1465 videmur,
1383 1404 1552 1453 omnia
1584 1422 1676 1470 per
1712 1423 1798 1454 aes
1838 1413 1889 1454 et
1924 1405 2107 1453 libram
2145 1412 2290 1470 gesta
2316 1421 2454 1452 nexo
2486 1412 2536 1452 et
2564 1404 2821 1469 mancipio

248 1490 620 1554 comprehensa
658 1507 785 1551 esse,
838 1507 934 1538 nec
988 1498 1164 1538 nostra
1217 1497 1397 1550 aetate,
1454 1508 1605 1554 quum
1658 1492 1790 1540 inter
1826 1491 2061 1539 homines
2110 1491 2291 1539 doctos
2342 1490 2405 1538 de
2441 1508 2565 1538 vera
2611 1491 2733 1538 nexi
2771 1499 2823 1540 et

249 1574 493 1640 mancipii
530 1575 664 1625 inter
701 1594 755 1625 se
792 1576 990 1625 ratione
1026 1594 1215 1641 magna
1249 1577 1469 1625 varietas
1504 1585 1624 1625 nata
1660 1580 1737 1639 sit,
1776 1595 1930 1642 quum
1969 1577 2240 1643 Savignius
2278 1581 2345 1642 (p.
2368 1579 2420 1642 8)
2460 1589 2510 1625 et
2529 1578 2822 1625 Scheurlius

251 1662 320 1727 (p.
344 1663 397 1727 9)
433 1679 625 1710 nexum
664 1679 840 1728 genus,
879 1663 987 1728 ejus
1026 1663 1249 1728 speciem
1284 1664 1589 1729 mancipium
1628 1681 1738 1713 esse
1776 1664 2102 1725 arbitrentur,
2139 1663 2335 1712 Walter
2372 1665 2440 1729 (p.
2469 1664 2590 1729 587)
2627 1680 2821 1712 nexum

249 1749 517 1816 negotium
556 1766 667 1798 esse
706 1750 977 1811 existimet,
1016 1767 1115 1815 quo
1152 1766 1236 1798 res
1271 1750 1524 1816 mancipio
1562 1750 1722 1812 detur,
1771 1749 1955 1799 Sellius
1993 1750 2061 1817 (p.
2102 1750 2189 1817 25)
2243 1767 2408 1817 neque
2462 1766 2653 1799 nexum
2709 1750 2819 1799 sine

249 1837 520 1902 mancipio,
567 1854 732 1902 neque
779 1838 1088 1902 mancipium
1137 1838 1245 1887 sine
1283 1855 1418 1887 nexo
1457 1839 1665 1904 cogitari
1712 1856 1879 1904 posse,
1935 1855 2031 1886 nec
2067 1846 2239 1886 tamen
2276 1839 2449 1903 utique
2488 1838 2668 1887 eadem
2706 1855 2819 1887 esse

250 1931 472 1986 censeat,
512 1923 852 1973 Bachofenius
890 1925 959 1989 (p.
1001 1923 1086 1989 14)
1142 1931 1193 1973 et
1229 1922 1517 1973 Huschkius
1571 1926 1638 1990 (p.
1677 1925 1790 1989 32),
1847 1923 1938 1973 sed
1990 1924 2144 1973 iidem
2186 1924 2318 1973 inter
2362 1941 2414 1974 se
2453 1924 2819 1990 discrepantes,

247 2018 357 2060 tum
396 2011 449 2059 in
487 2010 741 2075 mancipio
778 2027 969 2060 nexum
1005 2010 1172 2060 inesse
1210 2018 1448 2071 statuant,
1502 2027 1655 2075 quum
1712 2010 1954 2076 obligatio
2003 2009 2121 2059 inde
2169 2017 2437 2059 nascatur.-
2493 2028 2588 2059 nec
2641 2017 2823 2059 nostra

250 2105 416 2147 aetate
458 2097 588 2158 dico,
626 2098 896 2161 quisquam
931 2098 1169 2146 inventus
1208 2104 1298 2156 est,
1337 2097 1421 2160 qui
1456 2097 1732 2160 negaverit,
1768 2105 1873 2144 tam
1910 2097 1962 2144 in
1999 2115 2137 2144 nexo
2177 2114 2329 2160 quam
2362 2098 2414 2144 in
2444 2097 2700 2161 mancipio
2733 2113 2821 2144 aes

250 2193 303 2233 et
337 2185 521 2233 libram
559 2203 671 2233 esse
710 2185 951 2246 adhibita,
1000 2202 1095 2231 nec
1142 2185 1227 2248 qui
1276 2201 1335 2230 ea
1372 2184 1703 2231 contrahendi
1755 2184 1921 2231 forma
1956 2192 2158 2249 praeter
2193 2201 2384 2231 nexum
2425 2193 2475 2232 et
2510 2184 2820 2249 mancipium

250 2272 403 2321 etiam
441 2273 540 2320 alia
574 2272 783 2338 negotia
818 2278 962 2338 gesta
999 2286 1110 2319 esse
1149 2270 1426 2319 affirmarit.
1497 2269 1638 2319 Unus
1675 2268 1969 2319 Huschkius
2006 2277 2180 2319 monet
2219 2270 2287 2335 (p.
2328 2271 2431 2335 48),
2477 2270 2600 2319 nexi
2635 2269 2818 2319 libera-

246 2358 442 2407 tionem
481 2357 617 2424 apud
652 2357 860 2407 Festum
897 2374 934 2406 s.
972 2373 1019 2406 v.
1072 2354 1275 2405 Nexum
1329 2362 1777 2405 commemoratam
1829 2372 1926 2405 nec
1961 2356 2269 2421 mancipium
2309 2372 2435 2417 esse,
2491 2372 2586 2404 nec
2622 2371 2818 2404 nexum

249 2443 361 2494 dice
398 2460 566 2510 posse,
616 2460 772 2510 quum
811 2460 873 2493 eo
909 2450 1181 2510 peragatur
1220 2442 1449 2503 consiliO,
1502 2449 1557 2491 ut
1591 2441 1711 2491 nexi
1750 2441 1992 2508 obligatio
2031 2442 2137 2491 sive
2175 2458 2366 2491 nexum
2401 2441 2625 2491 tollatur.
2716 2439 2821 2490 Sed

248 2531 381 2582 hanc
417 2531 581 2598 ipsam
619 2531 686 2581 ob
724 2547 930 2581 causam
967 2548 1080 2580 cum
1117 2547 1254 2580 nexo
1294 2536 1430 2580 arcte
1467 2528 1736 2595 conjuncta
1772 2535 1863 2581 est.

1481 2754 1590 2821 §a

465 2889 629 2940 Erunt
663 2890 817 2956 igitur
851 2890 1001 2938 nobis
1042 2889 1104 2938 de
1144 2890 1339 2955 origine
1373 2898 1423 2938 et
1458 2899 1639 2938 natura
1676 2906 1866 2948 eorum,
1905 2904 2034 2952 quae
2074 2905 2167 2952 per
2205 2905 2291 2936 aes
2319 2896 2369 2936 et
2398 2888 2581 2935 libram
2601 2887 2813 2952 ageban-
2866 2904 2880 2915 ·

248 2986 347 3040 tur,
383 2977 674 3027 tractaturis
710 2993 901 3024 nexum
940 2983 990 3024 et
1024 2976 1334 3041 mancipium
1373 2974 1754 3032 consideranda,
1824 2972 2101 3039 Utriusque
2144 2974 2252 3040 jam
2288 2974 2455 3040 legem
2491 2971 2588 3020 XII
2622 2971 2812 3019 tabula-

247 3083 362 3115 rum
397 3065 711 3115 mentionem
748 3062 929 3113 fecisse
968 3070 1169 3113 constat
1203 3063 1283 3114 his
1319 3063 1514 3114 verbis:
1586 3061 1784 3125 „Quum
1829 3079 2020 3112 nexum
2067 3062 2221 3112 faciet
2264 3061 2683 3126 mancipiumque,
2737 3058 2813 3107 uti

246 3152 423 3217 lingua
473 3151 821 3222 nuncupassit‚
875 3150 947 3198 ita
991 3150 1076 3214 jus
1114 3153 1344 3215 esto.“4)
1431 3150 1527 3198 Hic
1565 3151 1682 3214 quia
1718 3158 2042 3211 concurrunt,
2080 3150 2269 3197 idcirco
2308 3148 2523 3196 discerni
2557 3145 2811 3192 videntur.

247 3236 354 3289 Nec
392 3235 656 3287 Scheurlio
694 3236 763 3303 (p.
805 3235 890 3302 10)
929 3235 1307 3286 assentiendum
1344 3244 1484 3303 puto,
1527 3235 1613 3301 qui
1648 3235 1907 3286 veteribus
1943 3236 1996 3286 in
2032 3236 2231 3302 legibus
2269 3234 2442 3283 crebro
2480 3229 2638 3280 verba
2673 3228 2810 3278 idem

249 3324 565 3374 denotiantia
600 3322 684 3373 vel
721 3341 938 3389 quorum
975 3341 1133 3372 unum
1171 3324 1331 3373 altero
1370 3322 1844 3389 comprehendatur,
1899 3325 2172 3390 conjuncta
2216 3320 2427 3371 inveniri
2466 3325 2604 3366 ratus
2640 3318 2809 3382 legem

249 3411 498 3476 intelligit,
537 3410 682 3473 quasi
703 3395 962 3476 'scriptum
1001 3418 1165 3459 esset:
1239 3410 1406 3469 Quum
1441 3427 1631 3458 nexum
1666 3410 1833 3472 faciet,
1886 3411 2115 3477 inprimis
2153 3407 2453 3470 mancipium
2500 3404 2588 3451 rel.
2671 3402 2809 3450 Duo-

454 3579 481 3622 ⁴)
508 3581 633 3610 Festus
660 3587 689 3610 s.
718 3589 749 3611 v.
801 3580 1024 3621 Nuncupata.
1078 3580 1148 3612 Cic.
1178 3581 1221 3612 dc
1249 3586 1337 3612 orat.
1368 3582 1407 3619 1.,
1436 3577 1494 3611 57.

2289 3643 2313 3682 {0
