3461 4168
1422 119 1484 168 21

162 284 304 343 puto,
359 292 517 342 quum
562 291 717 325 manu
764 291 831 324 ex
865 275 1100 326 hostibus
1138 282 1275 325 esset
1310 282 1459 341 capta
1493 273 1715 340 ideoque
1750 271 2007 338 mancipio
2046 282 2364 338 comparata,
2418 272 2745 338 mancipium,

161 378 265 429 quo
310 362 519 412 nomine
556 363 717 412 serius
755 378 932 412 servos
968 361 1347 423 tantummodo,
1386 362 1621 427 quotiens
1656 370 1899 426 tanquam
1947 375 2094 407 merx
2141 360 2308 423 aliqua
2353 361 2405 408 in
2455 360 2743 410 considera-

162 449 358 500 tionem
393 449 642 512 venirent,
679 448 975 516 designatos
1013 463 1126 497 esse
1161 447 1412 496 novimos,
1467 447 1534 498 Et
1564 447 1722 498 erand
1755 446 1892 496 haud
1930 445 2083 495 dubie
2121 445 2307 510 captivi
2343 446 2494 512 longe
2531 447 2741 495 maximi

163 536 411 586 momenti
448 536 500 586 in
537 535 727 602 praeda
764 542 921 601 capta
950 542 1000 584 et
1048 533 1405 583 ostentationis
1445 551 1598 585 causa
1633 536 1805 600 utique
1844 532 2063 584 Romam
2100 532 2396 599 agebantur,
2451 533 2740 583 vendeban-

163 629 346 686 turque
398 622 583 687 singuli
626 622 720 670 sub
767 636 982 680 corona,
1037 618 1160 667 dum
1206 626 1487 668 ceterarum
1523 637 1691 670 rerum
1730 622 1888 671 sectio
1944 620 2167 669 venibat.
2257 617 2398 678 Quae
2453 620 2604 685 igitur
2656 636 2740 669 res

166 724 231 757 ex
267 707 459 773 praeda
493 706 796 757 venumdari
834 703 1085 765 solebant,
1124 719 1210 753 eas
1246 720 1329 754 res
1365 705 1602 770 mancipii
1640 706 1745 756 sive
1781 706 2002 773 mancipi
2039 705 2310 756 vocabant.
2382 703 2487 753 Eae
2519 705 2740 769 quando·

165 794 370 859 quidem
405 811 560 842 manu
597 800 775 858 captae
813 798 959 839 erant
1009 807 1074 839 ex
1109 790 1359 852 hostibus,
1413 790 1531 839 ideo
1571 794 1880 842 conveniens
1916 793 2081 842 visum
2120 801 2213 854 est,
2267 799 2325 841 ut
2376 807 2553 840 rursus
2591 791 2740 839 simili

165 888 282 929 actu
316 881 499 929 fierent
536 879 829 938 ementium,
867 876 951 941 qui
989 877 1163 941 quanti
1200 885 1444 939 emerant,
1480 884 1678 926 tantum
1718 895 1818 938 aes,
1854 879 2137 944 libripende
2166 878 2413 939 adhibito,
2452 877 2741 943 appenden-

165 967 288 1016 dum
325 968 585 1029 curabant,
621 982 831 1029 remque
869 965 1230 1029 acquirendam
1266 982 1421 1013 manu
1464 965 1929 1030 apprehendebant.
2001 965 2150 1025 Quod
2176 967 2265 1015 tali
2289 965 2446 1014 modo
2468 982 2533 1013 ex
2552 964 2744 1030 praeda

165 1060 327 1118 capta,
381 1054 433 1103 id
471 1053 665 1118 optimo
696 1051 811 1116 jure
850 1060 957 1101 erat
994 1052 1310 1116 acquisitum,
1362 1059 1637 1117 propterea
1673 1052 1809 1116 quod
1845 1069 1927 1101 res
1966 1061 2147 1117 empta,
2185 1069 2339 1117 quum
2370 1051 2742 1117 rempublicam

167 1137 428 1188 dominam
466 1155 578 1188 esse
615 1136 987 1186 dubitationem
1021 1138 1215 1187 nullam
1251 1137 1441 1187 habere
1478 1145 1668 1204 posset,
1722 1137 1884 1202 repeti
1939 1137 2199 1201 evincique
2248 1138 2465 1203 emptori
2509 1154 2613 1186 non
2651 1153 2739 1202 po-

163 1233 311 1275 terat.
382 1224 622 1286 Maxime,
658 1231 714 1273 ut
753 1224 822 1272 ait
858 1222 1031 1289 Gajus,
1079 1241 1171 1273 sua
1207 1241 1317 1274 esse
1357 1225 1649 1286 credebant,
1705 1241 1834 1289 quae
1874 1241 1938 1272 ex
1976 1223 2205 1273 hostibus
2244 1225 2512 1290 cepissent.
2617 1223 2738 1272 Dixi

166 1328 298 1372 eum,
337 1310 422 1375 qui
458 1310 557 1359 hoc
593 1309 748 1359 modo
786 1310 880 1360 sub
918 1310 1067 1360 hasta
1103 1310 1309 1360 emisset
1361 1328 1468 1360 rem
1523 1311 1778 1376 mancipii,
1834 1326 1989 1359 manu
2044 1327 2155 1359 eam
2209 1311 2414 1374 cepisse.
2502 1309 2616 1360 Hoc
2670 1310 2742 1359 ita

165 1395 553 1463 intelligendum
591 1403 682 1457 est,
736 1403 793 1446 ut
838 1414 945 1445 non
992 1414 1202 1461 prorsus
1246 1414 1455 1447 necesse
1510 1397 1664 1447 fuerit
1717 1414 1832 1446 eum
1879 1396 2162 1446 naturalem
2210 1396 2317 1461 ejus
2360 1397 2737 1461 possessionem

164 1484 335 1534 statim
374 1500 589 1548 corpore
625 1484 882 1544 mancisci‚
921 1483 1011 1532 sed
1051 1484 1306 1532 suffecerit
1343 1501 1454 1532 eam
1495 1483 1895 1550 apprehendisse
1933 1482 2253 1549 significandi
2290 1500 2467 1544 causa,
2523 1501 2575 1531 se
2629 1501 2737 1531 rem

163 1587 321 1619 manu
358 1569 606 1635 capiendo
644 1586 788 1617 suam
834 1570 1018 1631 facere,
1073 1587 1376 1634 quamquam
1414 1572 1728 1636 plerumque,
1785 1579 1841 1618 ut
1878 1571 2125 1635 suspicari
2161 1587 2449 1634 possumus,
2506 1571 2739 1634 quotiens

162 1673 247 1706 res
284 1656 337 1705 id
371 1656 483 1705 fieri
520 1655 835 1717 admittebat,
892 1663 1091 1720 emptor
1127 1672 1235 1704 rem
1273 1664 1492 1721 emptam
1528 1657 1664 1706 illico
1701 1656 2006 1707 tradendam
2043 1656 2140 1706 sibi
2177 1656 2399 1705 curabat.
2486 1655 2739 1705 Dominus

164 1742 485 1791 vero-fiebat
521 1742 633 1807 ipso
672 1743 941 1807 mancipio,
977 1760 1074 1789 nec
1114 1750 1223 1789 erat
1257 1760 1465 1791 necesse
1501 1744 1706 1791 traditio
1746 1751 2057 1809 sequeretur.
2129 1741 2258 1789 Nam
2285 1760 2365 1790 res
2387 1760 2416 1789 a
2439 1743 2739 1808 magistratu

165 1821 454 1897 adjudicata
489 1831 573 1878 vel
609 1831 745 1896 apud
783 1846 898 1878 eum
935 1832 987 1878 in
1018 1832 1133 1895 jure
1173 1846 1316 1879 cessa
1354 1833 1499 1879 alicui
1537 1834 1706 1880 statim
1743 1832 2017 1879 traditione
2048 1847 2151 1878 non
2180 1832 2551 1878 interveniente
2588 1832 2738 1896 hujus

164 1917 335 1979 fiebat,
374 1924 563 1982 quanto
600 1916 764 1982 magis
802 1933 876 1979 ea,
915 1933 1043 1981 quae
1083 1933 1237 1982 quum
1275 1917 1591 1968 addiceretur
1629 1935 1659 1967 a
1696 1918 2012 1984 magistratu,
2050 1933 2221 1965 coram
2259 1917 2370 1981 ipso
2408 1917 2598 1981 populo
2618 1933 2737 1965 ven-

166 2002 385 2053 debatur
420 2010 471 2053 et
507 2000 880 2052 addicebatur?

1398 2138 1503 2205 §a

382 2274 569 2323 Actum
606 2274 741 2323 hunc
779 2274 995 2335 civilem,
1045 2292 1143 2339 quo
1193 2292 1274 2324 res
1320 2275 1535 2340 praedae
1573 2276 1747 2341 populi
1784 2276 1948 2325 factae
1987 2275 2198 2339 singulis
2235 2275 2527 2323 hominibus
2564 2275 2737 2323 vendi-

163 2360 304 2409 tione
342 2360 436 2410 sub
475 2360 624 2410 hasta
661 2361 1029 2422 alienabantur,
1086 2360 1270 2410 deinde
1326 2361 1555 2411 homines
1609 2362 1795 2427 privati
1848 2362 1900 2410 in
1954 2360 2173 2426 negotiis
2226 2361 2359 2409 inter
2407 2377 2460 2409 se
2498 2361 2736 2426 gerendis

163 2446 347 2495 imitati
395 2454 514 2495 sunt
552 2446 862 2511 emptionem
911 2446 1260 2495 venditionem
1306 2465 1474 2496 rerum
1529 2448 1765 2513 mancipii
1818 2448 2034 2514 testibus
2089 2446 2285 2495 civibus
2335 2445 2598 2508 Romanis,
2653 2447 2737 2511 qui

162 2533 339 2599 populi
377 2533 799 2598 comitiorumque
838 2535 982 2598 quasi
1021 2535 1216 2601 effigies
1263 2552 1448 2601 parvas
1485 2535 1859 2595 adumbrarent,
1915 2534 2155 2584 adhibitis
2204 2542 2254 2581 et
2299 2534 2599 2599 libripende,
2655 2534 2740 2598 qui

161 2620 346 2669 libram
381 2628 565 2670 tenens
603 2621 822 2686 pretium
862 2621 1190 2687 appenderet,
1229 2623 1426 2672 solenni
1465 2622 1562 2670 ritu
1591 2629 1907 2687 peragentes.
1978 2619 2234 2670 Numerus
2253 2622 2460 2670 testium
2490 2621 2738 2687 principio

163 2707 395 2770 forsitan,
434 2724 533 2773 quo
570 2725 813 2757 numerus
851 2709 1103 2758 curiarum
1140 2710 1191 2758 in
1230 2710 1446 2759 comitiis
1484 2708 1720 2774 suffragia
1755 2708 2027 2757 ferentium
2061 2708 2366 2770 efficeretur,
2401 2709 2610 2774 triginta
2629 2708 2737 2769 fuit,

165 2793 287 2842 dum
325 2812 354 2841 a
392 2792 570 2842 Servio
610 2793 775 2843 Tullio
812 2814 933 2861 rege
969 2797 1161 2862 populo
1198 2798 1250 2845 in
1288 2797 1474 2845 classes
1514 2796 1673 2844 diviso
1713 2795 1934 2859 quinque
1970 2802 2130 2843 testes
2169 2795 2402 2843 sufficere
2441 2795 2608 2844 visum
2647 2803 2735 2843 est.

161 2880 382 2947 Negotio
419 2882 535 2929 huic
572 2883 810 2947 mancipii
847 2879 1037 2931 nomen
1074 2884 1292 2932 inditum
1332 2902 1484 2945 essse,
1539 2893 1645 2931 tum
1695 2884 1837 2947 origo
1883 2883 2044 2948 ipsius
2080 2892 2190 2930 tum
2226 2884 2406 2943 forma,
2463 2900 2562 2947 qua
2597 2900 2734 2947 gere-

162 2968 327 3030 batur,
365 2968 603 3017 declarat.

380 3053 690 3122 Mancipium
728 3056 833 3105 sive
871 3056 1180 3122 mancipatio
1219 3057 1332 3124 Gaji
1367 3066 1609 3123 tempore,
1659 3056 1787 3105 sicut
1823 3073 1977 3121 supra
2014 3056 2220 3119 adduxi,
2275 3055 2569 3122 imaginaria
2624 3062 2733 3103 erat

163 3139 408 3204 venditio,
465 3159 609 3207 quae,
667 3150 724 3192 ut
758 3141 1005 3208 Ulpianus
1042 3144 1095 3192 in
1130 3143 1185 3193 L.
1228 3146 1288 3193 16
1328 3144 1390 3194 de
1428 3144 1485 3193 R.
1521 3143 1567 3193 J.
1605 3143 1687 3204 ait,
1741 3160 1847 3191 non
1886 3150 1965 3192 est
1999 3144 2165 3209 pretio
2205 3143 2492 3203 accedente,
2547 3140 2600 3189 id
2656 3148 2732 3189 est

160 3242 286 3276 vero
322 3227 521 3293 pretio:
577 3229 707 3281 aeris
746 3229 880 3279 enim
915 3230 1190 3296 particula,
1246 3248 1374 3298 quae
1410 3231 1557 3298 pretii
1591 3230 1705 3279 loco
1744 3229 1976 3294 dabatur,
2013 3231 2231 3298 pretium
2270 3229 2521 3297 efficiebat
2556 3227 2728 3293 imagi-

159 3314 372 3364 narium.
477 3314 544 3365 Et
597 3314 709 3383 Gaji
762 3325 1024 3384 tempore,
1081 3318 1173 3368 sed
1212 3320 1320 3386 jam
1374 3320 1525 3387 longe
1579 3324 1751 3381 antea,
1805 3319 1979 3368 multis
2015 3318 2319 3384 mancipatio
2356 3315 2730 3364 interveniebat

160 3401 394 3469 negotiis,
448 3402 500 3450 in
555 3403 739 3468 quibus
792 3405 1022 3456 venditio
1075 3407 1432 3457 tantummodo
1487 3406 1609 3454 dicis
1663 3406 1825 3471 gratia
1872 3406 2045 3469 fiebat,
2099 3406 2314 3472 pretium
2351 3420 2455 3451 non
2496 3401 2729 3462 dabatur,

163 3505 316 3557 quum
353 3488 404 3539 id
442 3497 667 3556 agerent,
721 3500 779 3543 ut
813 3511 993 3545 verum
1028 3495 1248 3561 pretium
1284 3496 1479 3546 nullum
1516 3493 1811 3543 solveretur.
1901 3493 1958 3544 In
1996 3494 2075 3543 his
2111 3492 2261 3559 igitur
2298 3490 2460 3539 causis
2498 3487 2731 3538 venditio-

162 3576 452 3628 necessario
491 3578 554 3626 ab
593 3578 738 3628 initio
775 3581 869 3630 fuit
903 3582 1214 3648 imaginaria.
1290 3582 1418 3631 Nam
1458 3599 1609 3647 quum
1647 3599 1814 3643 causa,
1854 3600 1918 3630 ex
1956 3599 2054 3646 qua
2087 3598 2168 3628 res
2204 3578 2456 3642 mancipio
2496 3576 2729 3636 dabatur,
