3461 4168
1885 146 1949 194 36

628 302 945 368 privatorum
984 301 1037 352 vi
1073 308 1124 352 et
1160 301 1433 353 efficientia
1481 301 1736 364 constitui,
1790 300 1911 352 dum
1957 301 2249 369 respublica
2295 303 2543 369 majorem
2587 318 2748 369 usque
2795 303 2892 354 sibi
2938 318 3202 355 assumens

631 390 987 439 auctoritatem
1023 390 1189 455 magis
1223 390 1488 455 magisque
1527 389 1784 455 subegerit
1819 389 2101 453 viceritque
2139 389 2453 455 singulorum
2492 389 2758 439 hominum
2794 391 3096 440 voluntates.

851 474 948 535 Qui
986 476 1039 526 in
1077 477 1238 526 altera
1273 486 1416 542 parte
1454 485 1647 527 stantes
1686 475 1919 526 omnibus
1956 475 2111 526 rebus
2146 484 2283 526 recte
2321 474 2642 541 acquirendis
2679 475 2880 525 civilem
2918 477 3200 527 solennem·

632 582 732 630 que
770 565 988 614 formam
1027 565 1302 625 vindicant,
1357 566 1541 630 partim
1595 564 2024 629 mancipationem
2079 565 2356 629 antiquitus
2412 563 2476 613 ad
2530 581 2708 613 omnes
2761 581 2844 612 res
2897 565 3201 628 pertinuisse

631 651 966 713 contendunt,
1003 653 1187 718 partim
1224 668 1314 717 per
1350 652 1401 700 in
1433 652 1549 717 jure
1587 652 1869 702 cessionem
1908 651 2132 699 omnium
2182 669 2352 701 rerum
2389 651 2615 701 dominia
2649 651 2795 700 initio
2831 652 3017 700 mutari
3054 668 3199 717 opor-

629 738 790 789 tuisse
829 739 1098 800 affirmant,
1137 737 1410 787 accessisse
1449 737 1634 787 deinde
1671 739 1723 787 in
1758 739 1910 788 rebus
1946 737 2166 803 mancipi
2185 739 2626 804 mancipationem,
2662 755 2756 787 nec
2796 737 3015 804 mancipi
3046 738 3200 788 rebus

634 826 788 875 etiam
825 835 932 875 tum
971 827 1021 874 in
1060 827 1173 890 jure
1212 824 1495 873 cessionem
1547 826 1939 889 postulantibus,
1994 824 2114 873 dum
2167 832 2456 890 temporum
2513 825 2730 874 decursu
2785 826 2891 874 sive
2945 843 3039 875 usu
3093 826 3202 875 sive

630 912 746 978 lege
800 912 1142 961 introductum
1201 912 1265 960 sit
1318 911 1648 960 traditionem
1704 913 1975 960 suffecisse.
2063 910 2138 958 De
2205 912 2593 977 mancipationis
2639 928 2733 959 usu
2778 911 2928 961 latius
2976 919 3198 977 patente,

635 1016 787 1065 quem
833 998 1064 1047 nonnulli
1101 999 1344 1047 vetustati
1392 1007 1671 1060 assumunt,
1722 1000 1828 1064 jam
1868 1016 2018 1064 supra
2053 997 2243 1046 dictum
2282 1006 2373 1059 est,
2430 1015 2632 1048 causam
2668 1015 2772 1048 non
2809 999 3041 1061 inveniri,
3097 1016 3200 1062 cur,

634 1103 763 1152 quae
799 1104 881 1134 res
918 1094 1069 1133 antea
1104 1087 1382 1152 mancipari
1420 1087 1599 1134 solitae
1640 1088 1830 1135 fuerint
1887 1095 1937 1134 et
1993 1086 2274 1145 debuerint,
2331 1094 2513 1151 postea
2564 1104 2629 1135 ne
2681 1087 2941 1153 potuerint
2995 1087 3201 1151 quidem
3235 1116 3245 1127 ·

629 1174 924 1238 mancipari.
982 1172 1116 1233 Quid
1139 1179 1276 1223 'vero
1316 1174 1541 1223 dicemus
1579 1174 1642 1223 de
1681 1176 1729 1223 in
1763 1176 1876 1240 jure
1915 1175 2159 1234 cessione,
2209 1191 2360 1238 quam
2397 1175 2511 1240 lege
2548 1172 2657 1223 XII.
2694 1176 2980 1224 tabularum
3018 1175 3199 1224 confir-

628 1269 822 1309 matam
857 1268 1114 1309 vetustam
1152 1260 1427 1309 admodum
1466 1278 1576 1309 esse
1613 1263 1792 1327 negari
1828 1279 1931 1309 non
1970 1260 2178 1326 potest?
2239 1259 2364 1307 Eam
2396 1261 2612 1308 formam
2652 1262 2930 1322 solennem,
2968 1261 3200 1310 adhibitu

635 1348 895 1395 difficilem
917 1356 968 1396 et
984 1349 1254 1397 molestam
1275 1348 1552 1395 adversarii
1573 1348 1751 1396 dicunt
1787 1350 2004 1396 inveniri
2039 1365 2142 1395 non
2178 1349 2421 1412 potuisse,
2460 1350 2503 1396 si
2535 1349 2715 1400 eodem
2744 1357 2974 1414 tempore
2993 1349 3198 1397 traditio

630 1433 848 1482 eandem
885 1433 1151 1483 habuisset
1187 1433 1396 1482 dominii
1432 1434 1748 1482 tranferendi
1785 1442 2103 1499 potestatem.
2176 1432 2332 1498 Gajus
2371 1450 2492 1482 sane
2531 1434 2620 1496 (ΙΙ.
2661 1435 2759 1498 25)
2795 1435 2950 1483 tradit
2985 1436 3201 1500 plerum·

633 1536 734 1585 que
776 1528 826 1569 et
862 1520 967 1569 fere
1007 1536 1208 1586 semper
1245 1520 1705 1586 mancipationibus
1746 1522 1817 1570 uti
1855 1520 2144 1570 Romanos:
2186 1519 2323 1585 quod
2362 1520 2494 1569 enim
2528 1520 2623 1585 ipsi
2651 1520 3006 1585 praesentibus
3027 1522 3201 1572 amicis

631 1625 783 1673 agere
822 1616 1049 1672 possent,
1099 1608 1150 1655 id
1186 1625 1395 1656 necesse
1432 1626 1537 1656 non
1576 1626 1686 1656 esse
1727 1626 1840 1656 cum
1878 1610 2069 1673 majore
2108 1608 2402 1656 difficultate
2442 1607 2575 1672 apud
2611 1615 2899 1672 praetorem
2938 1617 3026 1657 aut
3060 1626 3202 1673 prae-

631 1694 792 1742 sidem
829 1695 1123 1759 provinciae
1162 1712 1418 1759 quaerere.
1492 1693 1624 1743 Sane
1662 1695 1757 1743 fuit
1793 1695 2063 1755 difficilior,
2102 1712 2251 1760 quam
2287 1694 2509 1755 traditio,
2548 1694 2637 1742 sed
2675 1695 2797 1759 quin
2835 1694 2968 1759 apud
3005 1696 3201 1760 priscos

628 1780 892 1831 Romanos
946 1782 1111 1848 major
1166 1783 1319 1831 fuerit
1371 1783 1423 1831 in
1469 1783 1583 1848 jure
1638 1783 1916 1844 cessionis,
1986 1800 2135 1848 quam
2196 1782 2585 1848 mancipationis
2640 1781 2943 1844 difficultas,
3006 1781 3199 1834 dubito.

627 1867 881 1933 Equidem
918 1868 981 1918 de
1018 1869 1215 1918 ratione
1253 1870 1389 1919 inter
1422 1870 1472 1918 in
1504 1870 1617 1935 jure
1656 1870 1942 1919 cessionem
1981 1887 2045 1919 ex
2080 1887 2182 1918 una
2218 1877 2360 1935 parte
2400 1878 2450 1918 et
2489 1886 2552 1918 ex
2585 1870 2744 1918 altera
2771 1869 3201 1935 mancipationem

629 1963 681 2004 et
714 1955 1042 2005 traditionem
1080 1956 1428 2005 intercedente
1469 1957 1539 2005 sic
1578 1957 1756 2005 sentio.
1849 1956 2093 2018 Traditio,
2146 1965 2201 2006 ut
2255 1957 2520 2022 acquisitio
2569 1956 2697 2022 juris
2744 1956 2985 2022 gentium,
3037 1955 3202 2021 prima

627 2043 736 2092 fuit.
825 2042 1047 2093 Invaluit
1100 2052 1284 2105 autem,
1333 2044 1546 2094 forsitan
1583 2043 1779 2109 pridem
1827 2043 2119 2106 admodum,
2173 2061 2256 2094 res
2294 2061 2357 2093 ex
2395 2043 2628 2093 hostibus
2668 2050 2840 2108 captas
2893 2042 3200 2108 reipublicae

631 2131 920 2195 acquisitas,
979 2147 1107 2195 quae
1164 2139 1214 2179 et
1266 2132 1475 2178 maximi
1531 2139 1674 2179 erant
1720 2132 1968 2179 momenti
2021 2140 2071 2179 et
2108 2131 2451 2197 cognitionem
2491 2130 2748 2178 habebant
2783 2147 2888 2177 non
2927 2129 3200 2190 difficilem,

628 2218 732 2265 ritu
769 2218 829 2278 ei,
880 2234 981 2283 quo
1020 2218 1221 2283 publice
1258 2218 1715 2280 venumdabantur,
1772 2219 1938 2279 simili,
1993 2219 2247 2283 mancipio
2285 2218 2515 2277 testibus,
2573 2217 2659 2281 qui
2696 2217 2900 2264 comitia
2936 2216 3200 2263 adumbra-

627 2310 757 2365 rent,
799 2304 1155 2369 praesentibus
1193 2305 1414 2354 alienari.
1504 2304 1690 2354 Postea
1738 2305 1837 2354 alia
1874 2306 2040 2354 forma
2076 2305 2236 2354 civilis
2275 2304 2560 2353 desiderata
2598 2310 2674 2353 est
2712 2304 2763 2351 in
2799 2304 2860 2352 iis
2897 2303 3200 2365 adhibenda,

627 2408 758 2455 quae
793 2391 886 2440 etsi
917 2391 1135 2441 fortasse
1156 2409 1561 2456 nonnunquuam
1581 2392 2018 2457 mancipabantur,
2056 2392 2257 2457 proprie
2288 2401 2458 2441 tamen
2494 2390 2832 2440 credebantur
2851 2408 2955 2440 non
2975 2390 3200 2456 recipere

627 2479 1072 2543 mancipationem,
1092 2480 1314 2529 maxime
1335 2480 1386 2529 in
1407 2480 1559 2529 rebus
1580 2480 2001 2545 incorporalibus,
2034 2497 2244 2545 quarum
2265 2487 2461 2529 tantum
2487 2479 2604 2544 Jura
2632 2477 2956 2544 praediorum
2987 2476 3198 2527 rustico-

629 2583 744 2612 rum
765 2565 829 2612 ad
850 2566 1071 2630 speciem
1090 2584 1259 2614 rerum
1282 2568 1623 2632 corporalium
1644 2568 1875 2632 proxime
1895 2567 2192 2615 accedentia
2211 2567 2485 2631 mancipari
2507 2566 2752 2614 solebant.
2789 2564 2919 2614 Eum
2940 2574 3124 2626 actum,
3143 2572 3201 2613 ut

629 2653 1114 2712 respdubitationem
1141 2672 1247 2701 non
1279 2655 1583 2717 admitteret,
1615 2657 1934 2721 potissimum
1954 2657 2005 2701 in
2031 2656 2144 2720 jure
2166 2655 2299 2720 apud
2330 2656 2679 2720 magistratum
2698 2655 2874 2719 peragi
2893 2654 3197 2701 voluerunt:

630 2740 813 2789 imitati
835 2748 953 2789 sunt
972 2742 1357 2807 mancipationis
1378 2743 1611 2804 formam,
1632 2752 1986 2809 praeterquam
2009 2743 2143 2808 quod
2163 2759 2255 2790 nec
2278 2758 2362 2790 aes
2385 2750 2432 2789 et
2451 2742 2580 2789 libra
2598 2758 2693 2788 nec
2712 2749 2870 2790 testes
2889 2740 3198 2788 adhibeban-

629 2834 728 2890 tur,
767 2844 981 2893 quorum
1010 2829 1172 2877 vicem
1205 2830 1396 2879 scilicet
1424 2831 1749 2897 magistratus
1779 2830 2057 2880 obtinebat.
2146 2829 2319 2894 ltaque
2357 2845 2465 2878 rem
2494 2829 2829 2894 acquisiturus
2856 2835 3038 2878 tenens
3070 2843 3197 2888 eam,

629 2924 687 2965 ut
740 2915 793 2964 in
845 2916 1234 2982 mancipatione,
1289 2917 1465 2979 „Hanc
1504 2936 1599 2984 ego
1637 2937 1759 2980 rem,
1815 2918 2090 2983 inquiebat,
2146 2934 2209 2966 ex
2248 2918 2362 2983 jure
2401 2915 2669 2977 Quiritium
2712 2933 2880 2965 meam
2923 2931 3033 2965 esse
3071 2914 3200 2980 ajo.“

629 3000 728 3062 Qui
765 3010 1038 3068 postquam
1074 3004 1144 3053 ita
1181 3004 1541 3067 vindicaverat,
1579 3015 1785 3071 praetor
1824 3024 1954 3066 eum,
1993 3005 2076 3070 qui
2113 3004 2340 3067 cedebat,
2378 3004 2741 3084 interrogabat,
2780 3020 2844 3052 an
2882 3010 3059 3052 contra
3089 3002 3197 3052 vin-

628 3092 834 3140 dicaret.
926 3091 1039 3151 Quo
1093 3103 1310 3157 negante
1366 3104 1451 3142 aut
1502 3104 1704 3143 tacente
1759 3097 1830 3142 illi
1884 3113 1991 3142 rem
2047 3094 2329 3141 addicendo
2377 3093 2743 3158 perfectionem
2782 3091 2988 3156 negotio
3026 3090 3195 3151 dabat,

628 3181 758 3229 sicut
795 3181 847 3228 in
887 3180 1265 3245 mancipatione
1301 3182 1543 3247 libripens
1581 3183 1838 3232 indicabat
1873 3184 2045 3231 verbis
2083 3182 2419 3243 „raudusculo
2456 3182 2637 3227 libram
2674 3180 2870 3227 ferito.“
2894 3180 2978 3243 29)

843 3266 1214 3334 Progressione
1264 3268 1565 3332 reipublicae
1605 3269 1867 3319 Romanae
1914 3286 2066 3334 quum
2116 3277 2164 3318 et
2212 3269 2459 3333 majorem
2497 3266 2710 3315 haberet
2762 3267 2812 3315 in
2862 3267 2975 3331 jure
3031 3266 3192 3314 cessio

631 3354 999 3416 difficultatem,
1039 3364 1089 3404 et
1117 3355 1495 3421 magistratibus
1515 3358 1667 3407 rebus
1698 3359 1869 3423 parvis
1898 3358 2182 3407 molestiam
2212 3375 2319 3406 non
2349 3355 2511 3404 coacti
2532 3355 2710 3403 afferre
2732 3355 2941 3414 nollent,
2972 3352 3022 3401 in
3043 3352 3194 3401 rebus

835 3512 881 3556 ²⁹)
906 3516 1038 3548 Eodem
1063 3518 1154 3558 jure,
1185 3525 1254 3556 quo
1284 3516 1327 3547 lis
1356 3515 1544 3555 symbolica
1571 3517 1696 3549 dicitur
1721 3519 1755 3549 in
1781 3519 1859 3557 jure
1887 3519 2014 3558 cessio,
2043 3518 2256 3557 mancipatio
2284 3524 2424 3555 quoque
2451 3516 2516 3547 dici
2545 3520 2670 3555 potest.
2737 3515 2838 3555 Quod
2862 3515 2951 3554 juris
2972 3514 3122 3546 consulti
3149 3513 3192 3545 de

625 3577 861 3609 vindicatione
890 3577 1068 3619 loquntur,
1097 3578 1182 3610 nibil
1211 3578 1254 3610 ad
1282 3586 1356 3609 rem
1385 3577 1486 3616 facit,
1522 3580 1684 3616 quoniam
1712 3581 1887 3612 vindicare
1916 3582 2006 3622 (vim
2035 3581 2175 3621 dicere)
2203 3587 2276 3611 rem
2306 3577 2390 3609 nihil
2419 3580 2474 3609 cst
2500 3577 2612 3620 aliud,
2654 3580 2759 3617 atque
2793 3584 2866 3608 rem
2902 3576 2969 3608 sibi
2996 3582 3190 3607 assumere.

627 3637 762 3681 Quodsi
790 3639 834 3672 lis
862 3638 978 3681 suerit,
1007 3640 1158 3681 oportuit
1186 3649 1281 3684 eum,
1311 3640 1370 3680 qui
1398 3639 1557 3677 cedebat,
1587 3644 1702 3673 contra
1730 3641 1916 3674 vindicare.
2954 3629 2962 3640 '
