3461 4168
1490 147 1551 200 11

224 297 418 364 aliquid
451 304 734 362 caperetur,
772 297 1022 364 originem
1057 297 1312 350 vocabulo
1348 299 1560 364 dederit,
1611 319 1718 351 non
1752 302 1822 363 id,
1875 301 2015 366 quod
2050 303 2251 351 actione
2304 304 2606 354 efficeretur.
2677 304 2795 356 Hoc

224 384 362 441 enim
394 382 729 434 translatione
765 392 964 433 tantum
1002 383 1312 449 mancipium
1347 393 1425 435 est
1460 395 1713 437 vocatum.
1802 385 1947 444 Quae
1984 387 2027 435 si
2075 387 2244 435 animo
2299 390 2597 454 colligimus,
2651 407 2794 440 man-

222 468 426 534 W
461 485 618 534 quum
646 469 723 522 ad
758 456 1017 536 agendum
1049 470 1283 533 refertur,
1335 473 1690 530 tantummodo
1728 472 2043 538 proprietate
2080 473 2300 536 quadam
2354 475 2617 525 solennem
2672 493 2791 528 aere

222 561 293 607 et
301 554 456 610 libra
472 564 688 622 gestam
707 556 985 612 actionem
998 555 1230 619 denotat,
1277 575 1431 623 quum
1469 561 1635 610 omnis
1666 559 1823 620 actiO,
1871 573 1972 623 qua
2007 557 2130 622 quid
2166 574 2323 608 manu
2358 561 2597 626 capimus,
2650 579 2792 613 man-

223 639 412 706 inium
444 649 520 693 et
535 642 804 708 appellaxfi
816 643 983 708 possit
1017 650 1069 692 et
1106 660 1137 691 a
1170 645 1347 708 priscis
1382 644 1643 706 Romanis,
1679 651 1764 694 ut
1760 642 2007 708 conjici0,
2044 644 2301 709 appellata
2339 645 2418 707 sit,
2455 647 2527 695 ita
2560 656 2616 696 ut
2649 666 2792 699 man-

221 726 354 793 ΘᾸΡᾸΟ
384 728 616 794 inprimis
640 728 804 790 metio,
832 745 942 793 »qua
968 745 1044 777 *ex
1078 728 1309 781 hostibus
1345 731 1580 788 homines
1614 745 1808 796 resque
1836 729 2106 795 capiebant
2132 729 2369 793 Romani,
2407 732 2790 797 significaretur.

433 813 579 869 Haeo
602 814 678 867 -de
714 815 955 880 mancipii
984 816 1135 867 verbi
1171 818 1394 867 notione.
1464 817 1542 878 De
1576 833 1717 867 nexo
1747 816 1856 880 jam
1891 815 2098 878 dictum,
2134 818 2239 866 vim
2277 818 2387 883 ejus
2424 835 2536 868 esse
2574 820 2792 869 eandem

220 901 344 962 fere,
371 915 512 965 -quae
548 900 695 957 verbi
728 900 921 967 ligandi
958 908 1009 950 et
1045 902 1316 969 obligandi.
1385 903 1455 952 Et
1507 902 1595 967 qui
1640 902 1771 967 juris
1806 900 2024 951 Romani
2076 904 2268 968 peritus
2306 911 2398 966 est,
2449 919 2558 953 non
2611 904 2793 954 dubito

221 986 345 1052 quin
379 986 801 1041 animadverterit
832 987 1198 1053 imperatorum
1222 997 1371 1040 certe
1403 988 1726 1054 temporibus
1760 1005 1898 1038 nexo
1935 989 2042 1038 sive
2095 1007 2234 1039 nexu
2286 990 2475 1041 arctius
2529 990 2793 1056 quoddam

220 1073 550 1139 obligationis
585 1074 847 1127 vinculum
880 1074 1108 1139 indicari,
1161 1077 1234 1126 ita
1267 1084 1327 1125 ut
1360 1083 1450 1125 aut
1478 1092 1568 1124 -res
1607 1082 1694 1124 aut
1727 1090 1950 1141 persona
2000 1076 2053 1125 in
2107 1076 2230 1142 ejuS,
2286 1077 2368 1126 cui
2415 1077 2643 1143 obligata
2696 1085 2791 1141 est,

216 1167 473 1225 potestate
510 1161 960 1226 quouodammodo
999 1178 1110 1212 esse
1147 1164 1232 1213 vel
1267 1170 1409 1211 certo
1445 1178 1568 1210 casu
1620 1162 1791 1211 futura
1845 1179 1955 1212 esse
2008 1163 2333 1230 intelligatur,
2388 1171 2540 1229 atque
2593 1162 2788 1213 idcirco

216 1247 423 1316 proprie
460 1246 561 1297 dici
596 1246 659 1296 de
690 1247 923 1315 pignore.
993 1248 1139 1299 Hanc
1175 1265 1302 1298 vero
1337 1248 1461 1297 nexi
1496 1255 1804 1314 potestatem
1856 1249 1907 1298 in
1944 1250 2106 1299 veteri
2140 1267 2292 1312 nexo,
2349 1250 2489 1316 quod
2526 1249 2787 1316 appellare

218 1334 427 1400 quidam
465 1335 634 1385 solent
666 1351 856 1385 nexum
895 1336 961 1386 ob
999 1353 1086 1385 aes
1124 1328 1361 1396 alienum,
1414 1336 1686 1401 praecipue
1739 1336 2056 1385 invenimus:
2102 1354 2163 1385 eo
2199 1336 2355 1385 modo
2391 1353 2557 1386 nexos
2593 1338 2646 1385 in
2683 1353 2789 1386 ser·

217 1420 437 1475 vitutem
474 1420 731 1485 quandam
768 1422 1018 1473 abductos
1056 1439 1085 1469 a
1112 1421 1475 1482 creditoribuS,
1529 1421 1729 1474 vinctos
1778 1429 1830 1470 et
1865 1423 2063 1471 clausos
2100 1423 2256 1470 fuisse
2296 1439 2399 1470 non
2433 1423 2610 1486 paucis
2647 1430 2786 1472 vete-

217 1522 332 1558 rum
368 1507 675 1559 testimoniis
712 1508 1089 1575 comprobatur.
1162 1506 1323 1556 Verbi
1357 1507 1410 1556 vi
1447 1515 1498 1557 et
1531 1491 1782 1574 potestate
1819 1502 2099 1575 generatim
2135 1516 2419 1574 perspecta,
2457 1508 2501 1557 si
2537 1508 2667 1557 sitne
2702 1509 2790 1559 vel

145 1605 159 1615 '
199 1594 386 1660 potius
423 1594 748 1644 contineatne
784 1611 979 1644 nexum
1014 1594 1278 1660 negotium
1315 1594 1523 1658 aliquod
1560 1596 1862 1659 quaerimuS,
1899 1603 1956 1643 ut
1993 1595 2238 1660 obligatio
2276 1594 2623 1655 contrahatur,
2662 1612 2786 1659 quo-

214 1680 352 1732 niam
390 1697 454 1730 eo
488 1680 636 1729 verbi
669 1679 935 1729 notionem
971 1679 1056 1729 vel
1088 1679 1313 1728 maxime
1349 1679 1560 1729 tendere
1589 1680 2051 1741 animadvertimus,
2089 1681 2131 1728 si
2165 1680 2218 1727 id
2257 1687 2374 1728 ante
2415 1681 2587 1728 omnia
2621 1680 2787 1745 posci·

214 1784 345 1828 mus,
382 1765 617 1816 videmur
651 1766 771 1837 hoc*
781 1765 897 1831 jure
933 1772 1111 1815 nostro
1151 1764 1531 1831 quodammodo
1567 1767 1838 1832 postulare.
1910 1765 2106 1827 Quodsi
2143 1766 2477 1815 observamus
2519 1766 2785 1832 negotium

214 1870 308 1919 per
344 1870 431 1902 acs
470 1860 521 1903 et
556 1852 741 1902 libram
778 1860 947 1902 actum
985 1852 1354 1919 obligationem
1391 1853 1706 1918 eandemque
1744 1871 1859 1903 aere
1897 1862 1947 1903 et
1980 1854 2112 1902 libra
2149 1861 2463 1905 contractam
2504 1853 2785 1915 continere,

216 1956 299 2003 ea,
328 1956 485 2007 quum
519 1939 792 2006 ‘persertim
830 1946 881 1989 et
914 1937 1151 1992 Manilius
1190 1947 1240 1989 et
1275 1939 1452 1989 Aelius
1490 1937 1664 1991 Gallus
1702 1941 1873 1991 omnia
1907 1959 1998 2008 per
2034 1959 2121 1991 aes
2160 1950 2210 1991 et
2244 1941 2428 1991 libram
2464 1949 2610 2008 gesta
2644 1958 2784 1991 nexo

215 2028 492 2091 vindicent,
528 2028 651 2078 nexi
688 2028 932 2094 obligatio
970 2027 1070 2077 dici
1105 2047 1257 2094 posse
1296 2028 1511 2090 videtur,
1558 2029 1681 2078 licet
1731 2027 1927 2078 Mucius
1982 2037 2032 2078 et
2084 2030 2338 2095 mancipia
2391 2030 2600 2077 omnino
2645 2045 2785 2077 nexo

216 2115 523 2167 subtrahens
560 2124 612 2165 et
646 2115 855 2181 insuper
889 2115 1172 2181 requirens,
1223 2116 1312 2177 uti,
1368 2115 1505 2180 quod
1550 2133 1641 2181 per
1678 2133 1763 2164 aes
1801 2123 1852 2164 et
1885 2115 2068 2163 libram
2106 2117 2314 2181 geritur,
2367 2115 2419 2163 id
2457 2115 2787 2181 obligationis

216 2201 786 2256 contrahendaecausa
820 2201 926 2263 fiat,
963 2201 1099 2250 aliud
1137 2210 1358 2250 statuere
1395 2201 1639 2250 videatur.
1711 2201 1799 2249 Sin
1837 2217 1961 2250 vero
2002 2202 2246 2268 obligatio
2283 2219 2375 2268 per
2406 2219 2492 2250 aes
2523 2209 2573 2250 et
2601 2202 2788 2251 libram

213 2289 357 2337 nulla
389 2289 643 2355 gignatur,
697 2296 806 2337 tum
849 2306 1017 2354 neque
1053 2306 1246 2355 nexum
1282 2289 1558 2354 negotium,
1614 2289 1655 2336 si
1691 2295 1829 2336 recte
1865 2288 2010 2353 loqui
2045 2288 2297 2350 volumus,
2353 2287 2597 2354 appellari
2649 2287 2784 2349 licet,

216 2375 451 2440 quamvis
485 2374 777 2441 licet'apud
816 2382 1017 2424 veteres
1052 2378 1422 2440 nonnunquam
1460 2375 1703 2423 abusione
1739 2375 1811 2423 ita
1844 2374 2151 2422 nominetur.
2222 2373 2281 2422 In
2317 2373 2572 2438 mancipio
2604 2380 2785 2422 contra

213 2461 549 2531 requiremus,
602 2469 660 2509 ut
695 2468 812 2509 actu
846 2478 938 2527 per
976 2478 1062 2509 aes
1100 2468 1151 2509 et
1184 2460 1367 2511 libram
1421 2477 1575 2510 manu
1609 2459 1852 2527 capiatur,
1908 2459 2046 2525 quod
2100 2459 2185 2525 qui
2237 2459 2434 2525 accipit,
2489 2459 2533 2508 si
2567 2475 2651 2508 res
2691 2465 2785 2521 est,

216 2563 365 2599 suum
399 2548 567 2606 faciat,
605 2531 657 2598 si
683 2564 920 2614 persona,
973 2547 1027 2598 in
1065 2565 1208 2598 suam
1243 2546 1440 2613 redigat
1476 2553 1794 2613 potestatem.
1848 2543 2251 2598 ‚Verumtamen
2287 2545 2457 2610 ipsum
2493 2544 2592 2597 hoc
2629 2562 2788 2595 manu

216 2650 413 2703 capere,
450 2634 581 2684 sicut
615 2631 920 2697 videbimus,
959 2634 1000 2684 si
1035 2652 1141 2684 non
1177 2632 1296 2684 inde
1334 2633 1397 2683 ab
1434 2634 1592 2695 initio,
1631 2641 1681 2683 at
1715 2632 1983 2691 recentius,
2019 2631 2172 2682 latius
2206 2631 2385 2698 patuit.

429 2716 507 2774 De
543 2736 680 2769 nexo
719 2727 769 2769 et
804 2720 1058 2786 mancipio
1088 2719 1197 2786 jam
1225 2715 1342 2769 ΧΠ.
1379 2720 1578 2769 tabulas
1614 2719 1811 2769 locutas
1849 2736 1959 2768 esse
1997 2718 2251 2768 novimus.
2341 2714 2520 2784 Neque
2566 2715 2627 2766 iis
2666 2723 2787 2766 sunt

214 2805 520 2867 introducta,
557 2813 613 2856 ut
650 2823 715 2855 ex
750 2806 862 2871 ipsa
895 2807 1009 2872 lege
1047 2806 1354 2856 concludere
1390 2825 1675 2872 possumus.
1764 2804 1830 2855 Et
1881 2805 2070 2855 Paulus
2123 2806 2177 2854 in
2226 2805 2427 2872 Fragm.
2483 2803 2530 2853 V
2534 2813 2597 2852 at.
2637 2802 2664 2870 ξ
2706 2806 2785 2852 50.

217 2893 604 2944 confirmari
639 2894 1068 2958 mancipationem
1104 2893 1228 2943 dicit
1253 2895 1366 2959 lege
1386 2894 1495 2943 XII.
1527 2895 1827 2962 tabularum,
1865 2893 2227 2955 satis'indicio,
2266 2909 2378 2941 eam
2416 2900 2567 2941 antea
2602 2892 2653 2939 in
2689 2907 2786 2939 usu

216 2981 388 3031 fuisse.
478 2971 761 3046 Utrumque
797 2980 952 3046 igitur
988 2993 1054 3028 ex
1090 2980 1404 3046 antiquitatis
1440 2980 1807 3029 remotissimae
1834 2979 2070 3029 tenebris
2106 2978 2387 3041 descendit,
2433 2995 2529 3028 nec
2576 2984 2784 3042 apparet

216 3068 359 3132 ratic,
396 3084 497 3135 qua
534 3067 863 3131 adducamur,
899 3074 956 3115 ut
991 3065 1138 3115 alteri
1172 3067 1396 3133 priorem
1434 3066 1680 3133 originem
1716 3065 2047 3115 vindicemus
2139 3064 2391 3125 Quocirca
2426 3064 2664 3128 quoniam
2689 3061 2785 3111 via

219 3161 270 3203 et
304 3155 503 3207 ratione
535 3153 861 3220 procedimus
898 3170 928 3201 a
962 3152 1116 3202 rebus
1151 3152 1314 3217 magis
1361 3152 1577 3218 cognitis
1624 3151 1707 3200 vel
1760 3149 1970 3216 cognitu
2017 3150 2336 3200 facilioribus
2388 3149 2784 3215 proficiscentes,

219 3255 321 3306 quo
360 3239 424 3290 ad
462 3239 753 3291 reconditas
791 3240 928 3290 viam
964 3239 1265 3305 aperiamus,
1321 3238 1567 3304 optimum
1614 3238 1745 3287 duco
1782 3239 1943 3302 priori
1975 3238 2094 3287 loco
2132 3238 2196 3287 de
2232 3237 2482 3299 mancipio
2519 3234 2680 3282 verba
2714 3234 2784 3280 fa-

219 3343 353 3388 cere,
407 3326 556 3392 cujus
607 3325 1001 3392 explicationem
1043 3325 1212 3375 fontes
1258 3324 1466 3374 uberius
1504 3324 1771 3395 affluentes
1808 3325 2091 3372 faciliorem
2125 3326 2344 3371 futuram
2381 3321 2675 3386 promittere
2712 3320 2784 3365 vi-

219 3413 417 3462 dentur.
477 3412 653 3479 >Hujus
688 3415 931 3480 mancipii
969 3415 1074 3461 sive
1112 3411 1500 3478 mancipationis
1537 3413 1833 3479 priusquam
1866 3412 2116 3479 originem
2136 3424 2412 3473 causasque
2442 3407 2785 3472 exploremus,

218 3502 341 3548 utile
380 3501 488 3560 erit,
535 3503 694 3566 ipsius
733 3510 874 3550 actus
911 3503 1143 3564 formam,
1195 3508 1378 3566 parteS,
1432 3514 1596 3560 usum,
1653 3499 1829 3565 quales
1867 3515 1897 3547 a
1933 3497 2061 3565 Gajo
2099 3496 2326 3562 inprimis
2366 3500 2415 3542 et
2450 3491 2670 3558 Ulpiano
2708 3506 2788 3541 re·

219 3589 464 3650 feruntur,
503 3588 596 3637 sub
633 3605 736 3638 uno
775 3596 985 3655 aspectu
1020 3588 1266 3655 posuisse.

2319 3671 2372 3699 ς).
