3461 4168
1926 109 1990 158 52

671 270 878 330 attinet,
927 267 1226 317 Huschkius
1273 284 1387 316 eam
1433 266 1661 316 excludit
1692 266 1746 315 in
1782 265 2021 315 omnibus
2035 283 2072 328 ,·
2101 272 2461 332 praeterquam
2486 266 2541 316 si
2575 266 2641 316 de
2675 267 2838 318 modo.
2869 267 2979 335 agri
3011 265 3253 318 venditor

670 355 916 405 mentitus
965 362 1102 404 esset
1119 373 1136 403 .·
1188 362 1300 404 tum
1342 354 1611 404 infitiando
1657 354 1798 403 litem
1850 353 1903 401 in
1939 352 2152 418 duplum
2188 351 2416 401 crevisse
2447 351 2736 402 arbitratur.
2807 354 2879 404 At
2907 371 3016 405 non
3052 360 3255 408 matun:

673 439 854 491 Cicero
891 441 945 490 in
979 441 1114 503 loco,
1152 458 1303 507 quem
1339 441 1495 491 modo
1534 440 1739 503 adduxi,
1777 439 2060 507 generatim
2094 437 2219 489 dicit
2252 455 2319 488 ex
2354 437 2452 487 ΧΠ
2486 438 2674 489 tabulis
2701 456 2765 488 ea
2788 441 3099 506 praestanda
3124 457 3252 504 ease,
3289 474 3295 479 -

673 547 806 596 quae
843 529 1020 596 lingua
1055 537 1417 596 nuncupasset,
1456 529 1548 579 sed
1583 529 1749 579 Varro
1789 528 1851 577 de
1888 526 1945 577 R.
1983 526 2041 576 R.
2077 526 2139 577 II.
2181 529 2244 577 10
2280 525 2307 593 ξ
2347 529 2375 575 5
2430 525 2495 576 de
2531 527 2693 577 servis
2730 544 2887 594 agens
2941 528 3033 590 „In
3067 530 3252 580 borum

678 617 957 683 emptione,
1011 617 1206 683 inquit,
1262 616 1394 667 solet
1447 616 1692 668 accedere
1744 615 2021 683 peculium,
2076 622 2163 665 aut
2216 613 2259 664 si
2312 613 2555 680 excipiet,
2609 613 2868 680 stipulatio
2919 614 3253 680 intercedere,

676 722 861 755 sanum
901 723 1019 755 eum
1058 723 1185 767 esse,
1229 704 1376 753 furtis
1412 704 1670 771 noxisque
1709 706 1944 767 solutum,
1999 711 2100 766 aut,
2155 701 2197 752 si
2250 702 2506 770 mancipio
2556 720 2662 751 non
2717 701 2880 767 datur,
2934 702 3089 771 dupla
3139 722 3254 772 pro-

680 795 832 857 mitti,
871 802 973 856 aut,
1028 795 1068 843 si
1104 795 1175 842 ita
1208 793 1359 859 pacti,
1414 792 1644 858 simpla,“
1699 795 1821 844 satis
1874 792 2076 854 indicio,
2129 791 2420 858 mancipato
2474 808 2624 841 servo
2677 791 2862 858 duplae
2914 793 3254 859 promissione

680 899 811 948 opus
846 899 954 932 non
992 898 1115 932 esse.
1189 879 1384 946 Majore
1414 880 1530 945 jure
1567 880 1861 932 Huschkius
1898 881 2149 931 actionem
2186 879 2249 929 de
2298 878 2455 929 modo
2504 879 2613 946 agri
2653 879 2920 930 infitiando
2957 880 3165 931 demum
3198 880 3252 930 in

678 968 890 1035 duplum
912 984 1138 1033 crescere
1159 966 1327 1017 dicere
1348 966 1565 1028 videtur,
1588 984 1746 1033 quum
1769 967 1957 1019 Paulus
1978 976 2026 1018 et
2058 965 2273 1017 eandem
2299 966 2362 1016 iis
2390 967 2676 1017 actionibus
2709 965 3023 1030 adnumeret,
3051 976 3103 1018 et
3127 985 3253 1018 mox

678 1056 827 1118 dicat,
866 1070 931 1105 ex
966 1055 1027 1105 iis
1066 1054 1231 1105 causis
1266 1062 1418 1120 pacto
1456 1054 1623 1104 decidi
1659 1074 1764 1106 non
1802 1055 2058 1122 possen)
2130 1052 2232 1104 Sed
2262 1054 2368 1112 ¹alio
2404 1054 2521 1104 loco
2560 1055 2683 1105 satis
2722 1055 2857 1105 clare
2894 1055 3111 1118 indicat,
3143 1056 3252 1121 jam

658 1150 888 1209 —propter
940 1142 1263 1191 mendacium
1319 1142 1370 1191 in
1423 1142 1535 1207 lege
1589 1144 1850 1209 mancipii.
1880 1144 2068 1192 dictum
2119 1142 2172 1190 in
2220 1140 2431 1206 duplum
2482 1142 2738 1191 actionem
2786 1142 3001 1207 dari.⁶⁵)
3071 1142 3253 1208 Itaque

674 1230 836 1296 priori
888 1231 941 1279 in
995 1231 1112 1279 loco
1161 1229 1353 1295 aliquid
1391 1230 1636 1278 omissum
1676 1247 1788 1279 esse
1825 1230 2105 1297 putandum
2144 1237 2246 1290 est,
2300 1246 2365 1277 eo
2401 1229 2589 1295 magis,
2644 1230 2765 1295 quia
2797 1224 3150 1296 interpretatio
3186 1230 3252 1280 de

677 1296 1149 1382 eii-cumscriptione
1185 1317 1517 1382 loquitur.⁶⁶)
1588 1315 1694 1366 Nec
1732 1334 1888 1367 causa
1923 1324 2155 1383 apparet,
2203 1333 2292 1365 cur
2327 1315 2588 1377 venditor,
2626 1317 2714 1381 qui
2751 1317 3041 1382 quindecim
3070 1318 3279 1383 jugera·

674 1404 984 1469 promiserit,
1022 1403 1292 1453 duodecim
1330 1403 1541 1465 dederit,
1579 1402 1642 1452 de
1681 1421 1742 1453 eo
1782 1404 1922 1470 quod
1957 1405 2123 1454 minus
2152 1404 2415 1453 inventum
2442 1402 2609 1465 fuerit,
2647 1420 2762 1453 cum
2792 1413 3021 1470 emptore
3048 1405 3251 1471 pacisci,-

676 1500 766 1542 aut
794 1492 836 1542 si
864 1491 1133 1542 duodecim
1156 1492 1422 1559 jugeribus
1454 1492 1717 1558 promissis
1745 1493 2037 1558 quindecim
2064 1493 2272 1542 inventa
2298 1491 2501 1553 fuerint,
2531 1491 2630 1541 tria
2654 1492 2922 1543 condicere
2950 1512 3056 1543 non
3076 1495 3251 1560 possit.

896 1579 1086 1628 Paulus
1130 1598 1236 1629 non
1275 1581 1421 1629 aliter
1455 1597 1608 1645 posse
1645 1580 1968 1629 venditorem
2006 1581 2316 1629 auctoritatis
2354 1580 2568 1645 obligari
2604 1579 2740 1642 dicit,
2779 1597 2932 1646 quam
2961 1582 3003 1630 si
3033 1582 3252 1646 pretium

677 1668 944 1732 acceperit.
1016 1667 1156 1715 Haec
1193 1684 1317 1716 vero
1355 1667 1581 1716 conditio
1618 1684 1723 1715 non
1761 1666 1941 1715 dubito
1981 1668 2102 1733 quin
2139 1685 2169 1715 a
2199 1669 2313 1733 jure
2351 1667 2595 1716 consultis
2630 1667 2841 1716 inventa
2875 1668 2955 1729 sit,
2994 1668 3081 1733 qui
3108 1685 3248 1716 man-

675 1754 945 1819 cipationis
980 1772 1187 1803 causam
1222 1754 1485 1803 traditioni
1522 1755 1818 1804 similiorem
1853 1754 2087 1817 reddere,
2136 1755 2363 1804 strictum
2402 1756 2486 1820 jus
2533 1772 2647 1803 cum
2685 1755 2940 1819 aequitate
2978 1755 3249 1820 conciliare

682 1840 961 1890 studerent.
1033 1840 1223 1908 Legem
1259 1841 1371 1890 XII.
1408 1842 1698 1890 tabularum
1743 1859 2046 1908 persuasum
2091 1842 2215 1890 mihi
2268 1842 2433 1891 habeo
2486 1843 2635 1908 pretii
2690 1842 2884 1908 accepti
2937 1842 3249 1891 mentionem

674 1929 869 1977 nullam
906 1929 1104 1990 fecisse,
1153 1946 1334 1977 verum
1371 1930 1479 1978 sine
1520 1928 1810 1978 discrimine
1849 1930 2068 1995 pretium
2108 1937 2243 1978 esset
2296 1937 2558 1995 acceptum
2604 1946 2767 1979 necne
2822 1928 2962 1996 dupli
3013 1946 3250 1995 poenam,

678 2015 721 2065 si
756 2033 839 2066 res
874 2017 1165 2082 mancipata
1203 2024 1338 2066 esset
1384 2017 1613 2082 repetita,
1667 2016 1966 2082 injunxisse.
2058 2015 2160 2065 Sed
2215 2017 2374 2067 serius
2429 2034 2586 2083 quum
2636 2016 2875 2066 venditor
2926 2017 3091 2082 pretio
3143 2034 3251 2066 non

678 2110 891 2169 accepto
929 2102 1035 2153 doli
1073 2104 1374 2170 exceptione
1412 2112 1592 2153 contra
1628 2104 1883 2153 actionem
1921 2104 2237 2154 auctoritatis
2273 2122 2327 2154 se
2363 2112 2605 2166 tueretur,
2644 2121 2704 2153 ea
2739 2121 2821 2153 res
2846 2104 2975 2170 juris
3007 2103 3251 2153 consultis

677 2208 856 2240 ansam
893 2190 1048 2253 dedit,
1085 2199 1142 2241 ut
1178 2191 1477 2253 doctrinam,
1516 2194 1669 2258 quam
1705 2191 1895 2241 Paulus
1930 2192 2101 2254 tradit,
2136 2193 2439 2241 invenirent.

897 2277 1104 2342 Fontes,
1153 2280 1237 2345 qui
1274 2279 1337 2330 de
1376 2282 1675 2330 auctoritate
1711 2281 1808 2330 hac
1844 2297 2101 2348 perpauca
2139 2281 2415 2342 continent,
2470 2278 2826 2330 tantummodo
2881 2279 2943 2328 de
2996 2279 3249 2346 mancipa-

674 2368 816 2416 tione
852 2366 1165 2416 venditionis
1202 2384 1357 2417 causa
1394 2369 1528 2417 facta
1563 2369 1862 2434 loquuntur,
1912 2385 2041 2433 quae
2080 2368 2286 2417 omnino
2325 2368 2420 2416 fuit
2457 2368 2684 2416 omnium
2719 2367 3143 2433 frequentissima,
3193 2374 3252 2416 ut

677 2455 973 2520 saepissime
1027 2453 1353 2521 mancipandi
1408 2457 1748 2523 appellatione
1803 2456 2101 2523 simpliciter
2153 2457 2318 2522 posita
2371 2456 2679 2523 mancipatio
2733 2455 3043 2504 venditionis
3096 2470 3251 2504 causa

676 2544 813 2591 facta
848 2544 1170 2611 intelligatur.
1243 2543 1418 2605 Quid?
1474 2545 1514 2594 si
1551 2545 1661 2594 aliis
1699 2560 1765 2594 ex
1801 2544 1968 2594 causis
2004 2551 2207 2610 praeter
2241 2544 2606 2607 venditionem,
2658 2543 2799 2594 velut-
2847 2558 2912 2593 ex
2949 2558 3103 2594 causa
3136 2557 3248 2608 per-

675 2629 987 2692 mutationis,
1017 2629 1167 2693 dotis,
1202 2630 1484 2693 solutioniS,
1515 2630 1875 2682 transactionis
1904 2648 1986 2682 res
2014 2647 2106 2697 per
2123 2629 2551 2695 mancipationem
2568 2627 2925 2680 transferenda
2943 2635 3092 2691 esset,
3124 2644 3249 2678 num

683 2718 836 2766 etiam
871 2726 996 2779 tum,
1050 2719 1135 2783 qui
1170 2719 1425 2784 mancipio
1464 2718 1620 2768 dabat
1656 2720 1971 2769 auctoritatis
2009 2719 2263 2767 obnoxius
2299 2718 2497 2767 fiebat?
2566 2717 2816 2784 Equidem
2853 2717 3106 2766 affirmare
3142 2734 3249 2765 non

683 2804 879 2868 dubito,
916 2823 1030 2854 eum
1066 2807 1119 2854 in
1154 2807 1234 2856 his
1271 2823 1472 2873 quoque
1511 2808 1677 2856 causis
1713 2823 1767 2856 re
1806 2809 1973 2857 evicta
2008 2807 2314 2872 duplotenus
2353 2807 2634 2873 obligatum
2669 2806 2840 2867 fuisse,
2887 2821 3044 2870 quum
3080 2811 3249 2853 aucto-

677 2891 844 2941 ritatis
881 2891 1122 2957 obligatio
1161 2909 1226 2943 ex
1261 2893 1372 2959 ipso
1410 2893 1664 2959 mancipio
1700 2894 2124 2959 proficisceretur,
2170 2893 2255 2943 lex
2292 2901 2459 2944 autem
2495 2891 2607 2943 XII.
2643 2892 2932 2944 tabularum
2967 2890 3247 2956 generatim

678 2976 957 3040 statuisset,
1011 2995 1141 3040 eum,
1196 2979 1280 3045 qui
1328 2979 1381 3029 in
1428 2979 1682 3046 mancipio
1730 2980 1966 3031 faciendo
2016 2980 2257 3031 mentitus
2294 2989 2442 3043 esset,
2498 2999 2626 3047 quae
2662 2980 2837 3045 lingua
2889 2984 3247 3043 nuncupasset,

679 3064 824 3130 dupli
858 3082 1082 3130 poenam
1119 3066 1301 3115 subire.
1373 3066 1475 3116 Cur
1511 3067 1575 3116 de
1613 3068 1723 3117 sola
1760 3068 2072 3117 venditionis
2109 3086 2259 3116 causa
2293 3068 2391 3117 hoc
2430 3068 2699 3127 sanxisset,
2737 3084 2842 3114 non
2879 3064 3146 3130 perspicio,
3185 3082 3246 3112 eo

677 3153 862 3215 minus,
919 3152 1053 3218 quia,
1109 3152 1194 3218 qui
1244 3171 1351 3202 rem
1398 3163 1657 3220 praestare
1697 3156 1901 3218 debent,
1958 3156 2110 3204 etiam
2165 3173 2228 3203 ex
2282 3156 2463 3205 ceteris
2517 3154 2683 3203 causis
2738 3152 3003 3202 evictionis
3038 3151 3245 3201 nomine

675 3249 962 3290 teneantur.
1089 3239 1196 3289 Nec
1253 3242 1540 3292 donationis
1594 3245 1796 3312 quidem
1853 3261 2081 3307 causam,
2162 3244 2297 3312 quod
2348 3243 2413 3293 ad
2467 3242 2820 3292 auctoritatem
2874 3257 2940 3290 ex
2991 3240 3245 3308 mancipio

681 3330 951 3380 oriundam
989 3330 1188 3392 attinet,
1244 3331 1458 3395 excipiO,
1512 3333 1607 3382 etsi
1652 3333 1803 3383 hodie
1842 3334 1905 3384 de
1944 3332 2194 3383 evictione
2232 3348 2261 3381 a
2298 3332 2546 3382 donatore
2582 3328 2890 3395 praestanda
2924 3328 3068 3379 multi
3104 3327 3246 3378 dubi-

882 3433 914 3456 ⁸⁴
953 3438 1052 3472 Paul.
1080 3438 1117 3472 S.
1145 3437 1188 3471 R.
1217 3438 1244 3471 1.
1278 3433 1323 3471 ¹9
1396 3435 1408 3470 Ι
1456 3435 1490 3470 9.

882 3438 929 3541 ’ἐ
956 3498 1008 3533 ld.
1036 3497 1072 3534 S.
1100 3498 1143 3534 R.
1172 3498 1216 3533 11.
1248 3493 1292 3533 17
1319 3435 1399 3543 553.
1417 3462 1428 3480 1
1452 3497 1627 3537 nisu-acto
1652 3502 1760 3538 tundo
1787 3504 1817 3538 si
1843 3503 1923 3547 quis
1950 3502 1994 3537 de
2020 3500 2125 3535 modo
2151 3501 2352 3545 mentiatur,
2380 3501 2416 3536 in
2444 3499 2552 3543 duplo
2578 3499 2668 3543 ejus,
2704 3496 2799 3541 quod
2825 3496 2993 3531 mentitus
3026 3500 3093 3541 est,
3129 3495 3244 3531 officio

675 3561 805 3601 iudicis
831 3561 1078 3594 aestimatione
1103 3561 1196 3594 fecta
1223 3561 1443 3594 convenitur.

883 3619 930 3663 u)
958 3639 1002 3644 —
1031 3622 1074 3655 de
1100 3623 1206 3655 modo
1231 3623 1319 3665 agri,
1347 3630 1457 3663 quum
1477 3630 1496 3654 a
1519 3624 1696 3656 venditore
1720 3628 1857 3666 emptor
1878 3624 1984 3656 ruerit
2006 3623 2305 3667 circumscriptus,
2326 3626 2366 3655 ut
2389 3622 2507 3655 minus
2521 3621 2731 3663 inveniatur,
2753 3627 2860 3662 quem
2873 3619 3041 3664 probatur
3072 3618 3246 3661 scriptun
