3461 4168
1456 120 1518 167 17

201 267 424 334 praedae
461 267 526 316 ab
565 283 625 317 ea
661 267 726 318 ad
761 269 988 336 privatos
1026 270 1261 321 homines
1296 270 1592 321 venditione
1628 269 1831 334 publice
1878 268 2111 319 instituta
2145 272 2554 322 transferrentur.
2641 271 2777 323 Huic

201 353 431 420 opinioni
460 354 567 419 jam
605 364 906 421 argumenta
941 357 1201 407 afferenda
1237 363 1371 418 sunt,
1409 355 1591 420 quibus
1627 354 1909 419 probabilis
1943 355 2187 404 reddatur
2224 366 2274 406 et
2310 359 2651 409 confirmetur.

1431 555 1540 623 §a

411 691 512 742 Per
547 701 706 744 testes
744 695 981 759 quinque,
1036 709 1165 756 quos
1212 692 1265 740 in
1300 693 1707 758 mancipionibus
1744 694 2062 742 necessarios
2115 694 2272 743 fuisse
2327 695 2579 756 novimus,
2633 705 2772 746 ante-

197 778 412 844 signano
448 777 730 829 Niebuhrio
767 778 914 827 multi
950 786 1261 826 monuerunt
1297 779 1473 843 populi
1508 778 1726 828 Romani
1763 780 1906 844 quasi
1943 780 2218 846 imaginem
2255 780 2512 845 quandam
2567 789 2771 846 expres-

196 880 306 913 sam
363 881 489 926 esse,
547 881 760 930 eamque
815 863 968 912 hodie
1027 880 1350 913 communem
1403 865 1509 913 fere
1564 865 1731 914 dicere
1783 866 1903 915 licet
1958 866 2267 931 opinionem,
2323 883 2628 932 quamquam
2665 884 2773 917 non

195 966 405 1015 prorsus
444 950 643 1012 desunt,
683 951 769 1015 qui
805 948 1153 997 adversentur.
1246 949 1437 998 Veram
1476 966 1587 998 eam
1636 967 1763 1013 esse,
1811 967 2003 1017 magno
2044 960 2345 1017 argumento
2384 960 2463 1002 est
2496 960 2773 1001 testamen-

193 1044 319 1099 tum,
374 1037 512 1102 quod
546 1054 639 1102 per
677 1052 765 1084 aes
802 1043 853 1084 et
887 1036 1071 1084 libram
1113 1036 1372 1102 agebatur.
1460 1035 1587 1085 Nam
1642 1037 1883 1102 quoniam
1940 1038 2061 1086 olim
2113 1046 2420 1089 testamenta
2465 1039 2619 1089 condi
2664 1056 2772 1090 non

196 1130 488 1188 potuerunt,
536 1122 635 1172 nisi
671 1130 759 1171 aut
793 1122 845 1170 in
883 1138 1009 1187 pace
1048 1129 1099 1171 et
1135 1122 1241 1171 otio
1279 1123 1453 1172 calatis
1491 1123 1722 1185 comitiis,
1780 1140 1909 1188 quae
1954 1123 2035 1172 bis
2077 1124 2131 1172 in
2168 1142 2302 1173 anno
2339 1125 2659 1174 testamentis
2695 1125 2769 1173 fa-

193 1208 388 1258 ciendis
426 1208 681 1256 destinata
718 1216 876 1268 erant,
931 1215 1019 1256 aut
1055 1208 1108 1255 in
1145 1207 1424 1272 procinctu,
1478 1208 1529 1256 id
1567 1217 1643 1258 est
1679 1216 1874 1256 armato
1932 1216 1983 1256 et
2038 1209 2277 1273 expedito
2333 1210 2575 1270 exercitu,
2628 1217 2773 1273 patet

195 1304 318 1343 tunc
356 1295 538 1342 saltem
573 1295 901 1342 testationem
937 1295 1114 1359 populi
1152 1294 1217 1340 ad
1264 1303 1623 1342 testamentum
1670 1296 1723 1341 in
1775 1295 1987 1360 paganis
2043 1295 2332 1342 faciendum
2384 1297 2540 1344 fuisse
2593 1312 2769 1342 neces·

195 1384 395 1430 sariam.
422 1379 505 1447 ιςθ’)
593 1383 663 1429 At
709 1382 917 1446 majoris
953 1382 1027 1428 rei
1065 1398 1219 1429 causa
1256 1382 1308 1428 in
1345 1383 1559 1430 comitiis
1594 1391 1902 1430 testamenta
1935 1382 2049 1429 fieri
2093 1384 2379 1447 oportebat.
2466 1384 2550 1430 Ad
2604 1384 2769 1431 solam

192 1468 523 1518 testationem
560 1468 709 1535 pauci
746 1468 1082 1530 suffecissent,
1129 1484 1390 1535 nugasque
1439 1469 1659 1535 egissent
1696 1451 1915 1518 Romani
1958 1468 2182 1518 testandi
2219 1485 2373 1519 causa
2406 1476 2573 1519 totum
2609 1485 2768 1535 popu·

192 1555 298 1605 lum
337 1563 697 1606 convocantes.
769 1554 905 1605 Fieri
941 1555 1199 1606 debebant
1233 1556 1286 1605 in
1324 1556 1539 1606 comitiis
1574 1562 1896 1619 testamenta,
1934 1572 1995 1606 eo
2033 1556 2335 1622 praesertim
2370 1563 2619 1622 tempore,
2666 1571 2768 1622 quo

194 1644 451 1710 gentilitas
488 1644 709 1709 vigebat,
746 1650 803 1692 ut
839 1660 870 1692 a
903 1643 1112 1709 populo,
1149 1651 1391 1708 tanquam
1426 1644 1512 1691 lex
1546 1652 1825 1709 rogaretur,
1863 1644 2270 1709 approbarentur
2307 1644 2516 1709 ejusque
2554 1642 2769 1693 auctori-

194 1737 298 1779 tate
337 1729 774 1779 confirmarentur.
802 1730 884 1795 1³)
975 1729 1242 1795 Utcunque
1281 1747 1335 1779 se
1372 1747 1453 1779 res
1491 1730 1681 1792 habuit,
1736 1731 1842 1780 sive
1881 1731 2087 1780 testatio
2125 1731 2301 1796 populi
2338 1731 2447 1792 fuit,
2502 1731 2610 1780 sive
2648 1747 2768 1779 con-

192 1817 431 1878 firmatio,
488 1834 642 1882 quum
680 1825 863 1866 neutra
898 1834 953 1865 re
991 1834 1112 1866 vera
1152 1834 1263 1865 esse
1301 1826 1488 1881 posset,
1543 1818 1774 1881 quotiens
1814 1817 1924 1881 quis
1962 1817 2101 1865 domi
2139 1819 2307 1866 subita
2343 1825 2509 1866 morte
2558 1833 2768 1882 pressus

193 1911 557 1955 testamentum
594 1904 763 1953 facere
818 1904 987 1966 vellet,
1041 1902 1231 1952 idcirco
1287 1912 1645 1952 testamentum
1699 1921 1789 1968 per
1826 1921 1913 1952 aes
1951 1912 2001 1952 et
2035 1904 2219 1952 libram
2257 1922 2286 1952 a
2322 1903 2657 1969 prudentibus
2694 1903 2767 1951 in·

194 1997 405 2038 ventum
442 1991 670 2038 moribus
707 1989 1051 2037 introductum
1089 1990 1406 2055 frequentem
1445 1990 1496 2037 in
1532 2006 1678 2037 usum
1725 1989 1879 2051 venit,
1936 2006 2036 2054 quo
2091 1991 2144 2037 in
2198 1997 2506 2037 testamento
2562 1989 2771 2036 comitia

192 2078 369 2142 populi
405 2076 626 2125 Romani
660 2077 876 2126 testibus
914 2078 1109 2126 civibus
1146 2076 1390 2125 Romanis
1427 2070 1777 2141 praesentibus
1817 2076 2258 2125 adumbrarentur.
2314 2075 2544 2135 Quorum
2560 2075 2770 2123 testium

195 2163 239 2211 si
274 2163 414 2211 nulla
452 2162 550 2211 alia
585 2163 766 2212 fuisset
803 2163 1120 2228 significatio,
1160 2180 1309 2226 quam
1349 2180 1538 2223 eorum,
1593 2162 1775 2226 quibus
1822 2163 1875 2210 in
1930 2163 2148 2227 negotiis
2204 2162 2512 2226 quotidianis
2566 2161 2770 2221 utimur,

196 2250 432 2314 supplere
469 2267 575 2298 non
611 2250 900 2315 potuissent
931 2250 1258 2299 testationem
1296 2249 1377 2298 vel
1416 2249 1854 2297 confirmationem
1902 2248 2040 2295 illam
2097 2249 2285 2313 populi.
2376 2246 2542 2307 Quum
2598 2256 2771 2295 autem

193 2335 515 2403 propositum
552 2344 688 2386 esset
725 2336 1009 2402 exprimere
1056 2337 1299 2402 populum
1348 2334 1633 2385 Romanum
1688 2353 1779 2402 per
1830 2343 1988 2385 testes
2044 2335 2313 2397 adhibitos,
2369 2335 2599 2400 quaestio
2656 2341 2772 2383 orta

198 2431 290 2484 est,
331 2423 537 2488 quinam
574 2442 817 2473 numerus
856 2423 1119 2489 eligendus
1157 2424 1332 2472 esset?
1404 2422 1669 2487 Optandus
1708 2432 1817 2472 erat
1851 2424 2104 2484 minimus,
2143 2423 2243 2488 q'uo
2281 2423 2479 2470 facilius
2517 2439 2600 2469 res
2625 2438 2771 2485 pera·

195 2517 418 2576 geretur.
491 2507 838 2568 Quamobrem
876 2512 1097 2575 quinque
1136 2511 1258 2559 satis
1296 2510 1406 2571 visi,
1445 2511 1625 2574 quibus
1663 2511 1851 2558 classes
1889 2510 2126 2574 quinque,
2180 2511 2233 2557 in
2271 2525 2395 2574 quas
2432 2525 2526 2556 rex
2562 2507 2772 2557 Servius

196 2594 392 2644 Tullius
427 2596 674 2661 populum
710 2595 1074 2661 descripserat,
1129 2597 1309 2644 imitati
1365 2604 1495 2644 sunt.
1585 2594 1811 2643 Similem
1864 2595 2118 2659 quandam
2172 2603 2381 2644 nostrae
2435 2595 2510 2642 rei
2564 2611 2771 2644 causam

197 2682 347 2730 affert
382 2680 560 2730 Cicero
599 2681 747 2745 (orat.
786 2681 900 2729 adv.
937 2680 1143 2729 Rullum
1181 2681 1242 2729 ΙΙ.
1284 2683 1384 2746 12),
1440 2682 1523 2745 qui
1560 2681 1624 2728 ad
1661 2682 1881 2745 speciem
1917 2688 2068 2745 atque
2106 2681 2172 2729 ad
2207 2682 2592 2746 usurpationem
2629 2688 2772 2729 vetu-

198 2768 343 2817 statis
381 2767 502 2815 dicit
538 2767 743 2815 comitia
779 2767 996 2830 (curiata
1032 2768 1264 2831 scilicet),
1287 2785 1380 2832 per
1415 2768 1623 2832 triginta
1657 2767 1860 2814 lictores
1898 2767 2242 2831 auspiciorum
2282 2785 2436 2815 causa
2472 2767 2775 2814 adumbrata

198 2854 476 2904 constituta
529 2870 654 2902 esse.
736 2851 1043 2926 ,Confirmat
1096 2853 1391 2919 opinionem
1445 2861 1670 2902 nostram
1692 2891 1704 2913 ‚
1773 2860 1830 2901 ut
1898 2853 2005 2902 fere
2062 2853 2437 2903 dubitationem
2504 2854 2769 2902 admittere

198 2959 305 2990 non
343 2940 592 3001 videatur,
630 2938 766 3004 quod
801 2946 1017 2987 testator
1051 2939 1397 3004 nuncupando
1451 2948 1609 2989 testes
1647 2940 1908 3003 alloquens
1964 2938 2187 2998 Quirites
2237 2939 2540 3006 appellabat.
2630 2937 2770 2996 Quae

200 3042 356 3093 quum
393 3027 465 3076 ita
501 3027 616 3088 sint,
653 3024 790 3091 quod
826 3024 889 3074 de
927 3040 987 3074 ea
1022 3025 1413 3090 mancipatione,
1470 3042 1568 3090 qua
1604 3032 1911 3075 testamenta
1946 3026 2317 3089 condebantur,
2367 3026 2519 3076 statui
2555 3030 2771 3089 oportet,

198 3113 267 3176 id,
326 3131 483 3179 quum
518 3101 818 3179 praesertim
854 3111 1090 3173 familiae,
1149 3118 1206 3161 ut
1258 3112 1347 3174 rei,
1403 3130 1531 3177 quae
1572 3113 1685 3178 capi
1720 3131 1826 3162 non
1871 3120 2056 3177 potest,
2110 3113 2419 3179 mancipatio
2474 3109 2771 3177 posterioris

203 3201 415 3267 originis
455 3201 611 3251 fuisse
648 3200 893 3261 videatur,
945 3216 1051 3247 non
1088 3197 1435 3248 dubitabimus
1474 3200 1613 3248 omni
1659 3199 2026 3265 mancipationi
2079 3201 2352 3261 vindicare,
2405 3207 2546 3247 tanto
2602 3198 2771 3246 minus

201 3289 319 3353 quia
355 3289 483 3337 adeo
518 3289 711 3346 liberae
747 3303 996 3352 personae
1032 3303 1123 3351 per
1158 3286 1587 3351 mancipationem
1622 3287 1675 3333 in
1712 3287 1863 3334 aliam
1899 3297 2209 3353 potestatem
2257 3297 2305 3336 et
2340 3288 2391 3333 in
2429 3301 2630 3332 causam
2669 3300 2771 3331 ser-

410 3452 451 3498 ¹²)
478 3456 557 3497 Gaj.
590 3457 636 3489 11.
668 3453 750 3489 101.
805 3455 896 3489 Gell.
924 3455 1002 3488 XV.
1031 3451 1090 3487 27.
1143 3454 1296 3495 Theoph.
1325 3455 1368 3487 ad
1396 3454 1413 3497 §
1443 3451 1457 3486 1
1487 3454 1520 3486 J.
1549 3454 1593 3487 de
1619 3458 1762 3487 testam.
1791 3455 1906 3488 ordin.
1934 3454 1996 3498 (11.
2030 3453 2102 3497 10).

410 3519 453 3566 ¹³)
479 3523 632 3568 Trekell,
659 3525 775 3557 Tract.
803 3525 847 3557 de
873 3525 959 3565 orig.
989 3528 1025 3556 et
1050 3532 1164 3565 progr.
1193 3527 1331 3555 testam.
1360 3523 1440 3555 fact.
1472 3523 1516 3554 11.
1545 3520 1627 3566 §12
1654 3531 1754 3565 seqq.
1784 3541 1832 3547 —
1862 3522 1976 3566 Gam,
2006 3523 2185 3556 Erbrechae.
2219 3523 2262 3554 11.
2292 3530 2326 3562 p.
2343 3517 2388 3553 37
2414 3529 2514 3561 seqq.
2544 3537 2590 3543 —
2624 3519 2776 3563 Walter,

204 3585 536 3628 Rechtsyeschicme
563 3595 597 3628 ρ.
626 3582 711 3620 654.
742 3603 788 3610 -
817 3586 980 3629 [her-inq,
1011 3585 1111 3619 θείς(
1135 3585 1194 3617 des
1220 3587 1307 3616 rom.
1336 3584 1479 3617 Rechts.
1507 3583 1534 3617 1.
1563 3592 1597 3625 p.
1629 3580 1712 3617 137.
2610 3571 2618 3577 ’

2236 3652 2262 3692 3
