3461 4168
1899 122 1966 177 84

653 277 818 344 magis
853 293 1008 342 quam
1040 275 1263 338 traditio,
1301 276 1401 331 nisi
1435 276 1653 342 pretium
1691 276 1913 331 solutum
1951 278 2140 332 satisve
2173 294 2234 329 eo
2263 277 2469 331 nomine
2498 276 2674 332 datum
2697 287 2851 342 esset,
2882 294 2991 330 rem
3010 277 3217 337 alten-iu·

652 363 859 416 fecerit:
916 363 1045 412 nihil
1083 364 1219 416 enim
1254 364 1425 414 valere
1462 364 1811 430 imaginariam
1849 381 2069 427 causam,
2124 364 2220 416 nisi
2259 380 2382 415 vera
2417 364 2592 420 subsit.
2682 363 2849 424 Quam
2896 366 2962 417 ob
3009 381 3217 420 causam

654 451 914 500 existimat
951 459 1235 515 emptorem
1273 452 1325 500 in
1363 452 1752 516 mancipatione,
1789 452 1963 515 quanti
1998 468 2108 499 rem
2144 459 2396 502 mercatus
2435 459 2582 511 esset,
2630 453 2958 516 expressisse,
2995 453 3074 503 his
3111 453 3219 506 fere

653 537 857 588 verbis:
897 556 1056 603 eaque
1094 556 1177 590 res
1212 538 1337 589 mihi
1375 548 1484 591 esto
1523 546 1691 605 empta
1726 537 1824 588 hoc
1861 555 1976 589 aere
2013 555 2272 604 aeneaque
2308 538 2439 588 libra
2473 537 2764 592 sestertium
2792 547 2998 594 centum
3014 539 3219 594 milibus

655 643 942 689 nummum,
980 635 1031 675 et
1068 628 1110 676 si
1147 627 1258 676 aliis
1296 643 1361 675 ex
1398 627 1563 680 causis
1599 625 1989 692 mancipandum
2028 625 2194 688 fuerit,
2230 627 2482 693 mancipio
2520 626 2854 693 accipientem
2888 627 3052 692 ipsam
3087 627 3219 682 hano

655 728 862 763 causam
901 714 1198 779 appellasse,
1253 713 1393 762 velut
1428 713 1507 762 his
1543 713 1746 762 verbis:
1805 729 1962 778 eaque
2009 728 2091 763 res
2136 712 2261 762 mihi
2308 722 2416 764 esto
2466 720 2634 779 empta
2669 713 2767 763 hoc
2807 729 2923 764 aere
2961 729 3219 779 aeneaque

653 799 788 849 libra
825 799 960 850 dotis
997 817 1178 850 causa:
1214 799 1266 848 in
1303 797 1666 849 donationibus
1703 816 1826 848 vero
1865 799 2210 863 similibusque
2248 799 2564 850 liberalitatis
2601 799 2764 850 causis
2801 807 3002 866 praeter
3037 816 3219 853 causae

660 886 1054 952 appellationem
1092 884 1368 950 adjecisse:
1425 884 1659 935 sestertio
1704 903 1915 936 nummo
1961 904 2063 936 uno
2101 885 2287 938 assium
2327 896 2576 951 quattuor.
2645 885 2785 938 Haec
2822 887 2995 948 verba,
3031 896 3087 940 ut
3123 887 3221 940 alia

658 975 866 1040 negotia
901 973 1197 1038 imaginaria
1233 991 1444 1025 nummo
1483 992 1585 1022 uno
1622 974 1757 1023 facta
1793 990 1904 1024 esse
1954 973 2185 1039 legimus,
2240 974 2381 1025 velut
2432 975 2721 1028 usufructus
2772 975 3081 1026 locationem
3135 982 3222 1026 aut

659 1062 1021 1122 venditionem,
1077 1062 1130 1113 in
1182 1061 1643 1126 mancipationibus
1696 1062 2014 1112 liberalitatis
2063 1062 2210 1111 titulo
2265 1062 2414 1111 factis
2458 1063 2657 1129 adjecta
2690 1063 2859 1113 verbis
2894 1064 3133 1132 legitimis
3169 1064 3221 1117 in

659 1149 896 1197 omnibus
933 1148 1268 1204 donationum
1303 1167 1395 1214 per
1430 1150 1860 1215 mancipationem
1895 1150 2242 1200 confectarum
2276 1150 2642 1213 instrumentis,
2679 1168 2808 1217 quae
2841 1151 2995 1202 nobis
3022 1159 3224 1203 servata

659 1243 791 1296 sunt,
829 1236 1125 1300 reperimus,
1148 1238 1234 1300 ²⁶)
1277 1253 1371 1284 nec
1408 1235 1664 1288 Trekellio
1705 1245 1755 1286 et
1788 1236 2116 1287 Meermanno
2158 1238 2438 1302 ceterisque
2476 1239 2727 1290 assentior
2764 1239 2898 1289 hunc
2935 1238 3223 1289 sestertium

656 1339 921 1371 nummum
975 1340 1134 1379 uuum
1172 1341 1286 1374 cum
1334 1341 1445 1374 asse
1494 1324 1883 1390 mancipationis
1939 1323 2383 1386 confundentibus,
2439 1324 2530 1376 sed
2582 1325 2752 1391 potius
2805 1324 3088 1387 HuschkiO,
3139 1324 3225 1390 qui

657 1410 949 1460 sestertium
987 1410 1053 1460 ad
1089 1428 1255 1461 assem
1292 1411 1566 1461 accessisse
1608 1413 1814 1479 conjicit
1848 1413 2059 1463 lacunae
2113 1411 2374 1478 cujusdam
2431 1411 2715 1479 explendae
2750 1430 2938 1475 causa,
2991 1429 3118 1479 quae
3169 1412 3222 1465 in

656 1498 949 1563 hujusmodi
986 1499 1446 1564 mancipationibus
1495 1500 1741 1548 exsistere
1789 1500 2060 1549 videretur.
2147 1498 2252 1549 Nec
2307 1517 2555 1566 repugno,
2609 1500 2878 1564 quominus
2932 1501 2982 1550 in
3039 1500 3221 1551 ceteris

655 1586 1116 1650 mancipationibus
1152 1594 1355 1651 praeter
1392 1586 1663 1651 emptionis
1701 1604 1855 1635 causa
1887 1588 2072 1635 factam
2109 1588 2360 1652 mancipio
2399 1588 2651 1653 accipiens
2688 1588 2865 1637 solitus
2910 1587 3062 1636 fuerit
3106 1604 3220 1636 cau·

658 1690 766 1727 sam
804 1673 1075 1739 appellare,
1129 1691 1222 1721 nec
1282 1673 1566 1739 quominus,
1621 1674 1663 1722 si
1717 1691 1872 1722 causa
1925 1682 2034 1723 erat
2086 1691 2208 1725 vera
2260 1675 2463 1741 emptio,
2518 1674 2693 1741 quanti
2742 1681 2911 1740 empta
2949 1681 3085 1723 esset
3121 1689 3219 1736 res,

656 1758 939 1823 addiderit,
992 1760 1195 1810 tametsi
1249 1759 1326 1810 his
1383 1759 1445 1810 de
1501 1760 1655 1812 rebus
1709 1760 2060 1812 testimonium
2113 1761 2306 1812 nullum
2359 1760 2503 1814 adsit.
2526 1760 2611 1828 ²⁷)
2708 1757 2809 1812 Sed
2861 1777 2977 1813 meo
3025 1759 3217 1827 judicio

655 1845 863 1897 minime
901 1862 1111 1898 necesse
1150 1854 1259 1898 erat
1293 1863 1388 1898 nec
1426 1848 1575 1915 pretii
1611 1848 1820 1912 mentiO,
1858 1864 1953 1899 nec
1993 1863 2175 1899 causae
2213 1849 2499 1916 appellatio,
2539 1864 2633 1900 nec
2671 1848 2722 1899 in
2760 1847 3219 1915 mancipationibus

652 1934 972 1986 liberalitatis
1012 1953 1165 1986 causa
1200 1936 1346 1987 factis
1383 1936 1602 1987 sestertii
1639 1936 1835 1987 nummi
1870 1936 2021 1986 unius
2061 1936 2248 1986 assium
2284 1941 2527 2001 'quattuor
2575 1935 2846 2001 adjunctio,
2934 1935 3010 1986 Ac
3064 1934 3218 1986 dona«-

652 2020 808 2071 tionis
846 2040 1050 2082 cauoem
1087 2031 1289 2088 praeter
1326 2032 1521 2073 ceteras
1558 2022 1863 2090 appellando
1902 2023 1960 2085 is,
1999 2023 2084 2088 qui
2119 2023 2371 2090 mancipio
2409 2023 2703 2090 accipiebat,
2756 2030 2956 2090 gratum
2995 2022 3219 2074 animum

654 2112 1036 2161 testificabatur.
1108 2111 1173 2161 Et
1208 2112 1260 2160 111
1296 2112 1356 2160 115
1392 2112 1868 2178 mancipationibus,
1908 2112 2089 2177 quibus
2126 2129 2249 2160 vera
2278 2112 2484 2161 suberat
2509 2112 2697 2177 emptio
2722 2110 2965 2173 venditio,
3000 2111 3220 2176 pretium

660 2215 813 2265 saepe
853 2215 1152 2264 expressum
1189 2215 1300 2248 esse
1338 2206 1479 2263 puto,
1535 2206 1591 2248 ut
1628 2207 1885 2248 constaret
1921 2197 1983 2247 de
2023 2198 2349 2264 obligatione,
2404 2215 2531 2263 quae
2567 2215 2622 2248 re
2660 2198 2877 2263 repetita
2910 2204 3217 2248 nasceretun

1862 2423 1888 2489 ς
1932 2425 2008 2468 14.

868 2558 1008 2608 Haec
1046 2560 1108 2607 de
1145 2576 1332 2626 genere
1370 2560 1757 2624 maucipationis
1794 2559 2011 2607 valentis
2050 2576 2143 2606 sua
2178 2558 2230 2606 vi
2266 2575 2323 2604 ac
2359 2565 2612 2623 potestate
2659 2574 2718 2603 ac
2761 2555 2870 2603 sine
2916 2556 3020 2604 ulla
3065 2571 3218 2602 causa

657 2647 932 2699 accedente
972 2648 1039 2697 ad
1076 2648 1313 2697 effectum
1351 2664 1498 2696 suum
1535 2648 1879 2713 pervenientis
1914 2647 2084 2713 posita
2121 2646 2161 2694 si
2199 2661 2322 2694 vera
2357 2652 2489 2706 sunt,
2526 2660 2738 2710 eamque
2777 2644 2842 2692 ob
2881 2659 3085 2692 causam
3123 2649 3219 2692 sta·

653 2735 900 2786 tuendum
940 2743 1018 2785 est
1051 2736 1217 2802 legem
1252 2734 1363 2785 XII.
1392 2735 1680 2784 tabularum
1711 2735 1824 2784 loco
1861 2741 2146 2784 memorato
2185 2732 2245 2782 de
2282 2732 2554 2782 traditione
2592 2739 2642 2781 et
2678 2730 2741 2780 de
2779 2747 2840 2780 ea
2877 2729 3081 2796 quidem
3111 2729 3221 2779 sola

655 2824 878 2873 locutam
916 2840 1043 2884 esse,
1097 2823 1407 2889 argumentis
1449 2822 1701 2872 firmanda
1739 2831 1815 2872 est
1852 2822 2105 2872 sententia
2140 2828 2329 2882 nostra,
2377 2820 2484 2886 jam
2519 2819 2607 2869 illo
2643 2826 2875 2883 tempore
2913 2825 2964 2867 et
2998 2815 3117 2866 inde
3154 2815 3218 2865 ab

655 2910 801 2961 initio
838 2911 890 2959 in
926 2910 1080 2959 rebus
1114 2928 1208 2959 nec
1245 2910 1464 2976 mancipi
1501 2910 1828 2959 traditionem
1866 2927 1930 2959 ex
1962 2910 2102 2975 justa
2138 2926 2290 2958 causa
2324 2908 2510 2957 factam
2547 2906 2612 2958 ad
2650 2905 2931 2956 dominium
2962 2903 3219 2969 acquiren-

658 2999 783 3048 dum
825 2999 1119 3046 suffiecisse.
1188 2997 1301 3047 Non
1338 3017 1420 3047 me
1458 3000 1675 3047 reseram
1715 2998 1778 3046 ad
1816 2998 1870 3045 L.
1910 3000 1974 3045 48
2014 2996 2074 3044 D.
2113 2996 2175 3044 de
2210 2996 2386 3062 pactis,
2422 2995 2510 3043 ubi
2544 2993 2681 3042 Ictus
2729 2993 2826 3054 „In
2863 2991 3221 3048 traditionibus

654 3103 842 3149 rerum,
879 3086 1057 3152 inquit,
1094 3086 1442 3152 quodcumque
1479 3094 1681 3153 pactum
1721 3087 1799 3148 sit,
1836 3086 1888 3134 id
1925 3086 2094 3135 valere
2132 3084 2599 3132 manifestissimum
2638 3084 2760 3128 est.“
2800 3106 2862 3113 —
2901 3078 3039 3139 Quae
3059 3079 3220 3127 verba

659 3191 724 3223 ex
762 3172 876 3239 Gaji
913 3174 1046 3222 libro
1083 3173 1234 3221 tertio
1275 3174 1337 3221 ad
1374 3175 1538 3239 legem
1574 3173 1684 3221 XII.
1722 3174 1824 3222 tab.
1863 3174 2131 3237 desumpta
2165 3172 2393 3236 legimus.
2464 3168 2694 3232 Namque
2722 3183 2826 3215 non
2866 3167 3059 3227 dubito,
3099 3166 3218 3231 quin

656 3263 765 3326 ipse
804 3260 960 3325 Gajus
998 3260 1289 3324 scripserit:
1354 3260 1411 3307 In
1456 3261 1917 3325 mancipationibus
1952 3237 2123 3307 rerum
2176 3257 2397 3321 mancipi
2450 3256 2554 3314 rel„
2610 3255 2845 3317 quoniam
2901 3270 2966 3302 ex
3019 3252 3216 3317 Fragm.

869 3427 915 3473 ²⁶)
940 3431 1077 3465 Morem
1107 3431 1200 3463 hunc
1228 3432 1378 3462 testatur
1404 3429 1508 3461 etiam
1536 3429 1755 3462 Justinianus
1789 3430 1823 3462 in
1859 3430 1898 3462 L.
1936 3425 1981 3462 37
2012 3428 2050 3461 C.
2080 3429 2122 3462 de
2149 3428 2295 3460 donat:
2336 3425 2440 3459 verba
2468 3423 2655 3467 superflua,
2684 3432 2773 3465 quae
2799 3424 2833 3456 in
2861 3422 3109 3456 donationibus
3135 3421 3219 3463 poni

660 3491 836 3535 solebant,
865 3492 996 3525 scilicet
1022 3491 1176 3526 sestertii
1204 3490 1340 3524 nummi
1368 3490 1472 3523 unius
1499 3489 1629 3523 assium
1657 3494 1833 3533 quattuor,
1862 3490 2004 3532 penitus
2032 3497 2112 3523 esse
2139 3487 2327 3529 rejicienda
2354 3493 2553 3519 censemus.

868 3560 912 3609 ²⁷)
939 3564 1138 3599 Buschkius
1165 3563 1308 3608 quidem
1336 3562 1459 3596 nititur
1485 3563 1598 3597 verlns
1625 3564 1720 3599 Pauli
1747 3565 1885 3608 Fragm.
1908 3564 1986 3598 Vat.
2015 3563 2032 3609 §
2054 3559 2102 3598 59
2130 3563 2212 3597 item
2241 3562 2276 3596 in
2304 3558 2645 3603 mancipationibus:
2681 3561 2821 3602 emptus
2847 3556 2931 3590 mihi
2959 3558 3014 3591 est
3052 3554 3216 3600 pretio,

659 3629 809 3666 deducto
836 3627 1030 3663 usufructu.
