3461 4168
1051 1328 2039 1401 PRAEFATIO.

257 1806 403 1893 Est
434 1841 628 1893 omnino
665 1841 718 1892 in
740 1841 857 1909 jure
891 1858 968 1892 res
1003 1841 1237 1911 difficilis,
1278 1841 1520 1907 eoeplicare
1556 1850 1598 1891 et
1631 1842 1894 1892 describere
1912 1858 1984 1906 ea,
2023 1859 2146 1909 quae
2173 1859 2322 1910 usque
2358 1859 2415 1892 ea·
2449 1843 2625 1892 ultima
2662 1844 2830 1894 delata

260 1948 549 2015 antiquitate
584 1948 693 1997 licet
728 1948 977 1998 etiamtum
1012 1948 1064 1998 in
1100 1966 1193 1998 usu
1218 1948 1425 2016 fuerint,
1463 1964 1607 2014 quum
1629 1949 1741 2013 jam
1777 1948 1982 2015 viquerit
2003 1948 2138 2015 juris
2173 1949 2390 2011 scientia,
2428 1949 2498 1999 ita
2534 1955 2697 1999 tamen
2723 1950 2829 2015 ple-

257 2067 460 2121 rumque
498 2061 698 2120 propter
741 2053 1099 2105 vicissitudines
1133 2070 1303 2104 rerum
1343 2053 1597 2103 immutata
1640 2054 2061 2121 proqredientibus
2108 2055 2347 2105 aetatibus
2400 2055 2724 2119 inveniuntur,
2779 2065 2835 2105 ut

258 2158 452 2226 qualem
489 2159 683 2226 quando
721 2159 893 2228 quibus
930 2177 987 2209 ex
1034 2160 1201 2210 causis
1241 2159 1473 2227 oriqinem
1525 2159 1816 2226 sumpserint
1865 2178 2081 2228 quaeque
2123 2160 2375 2227 principio
2431 2177 2596 2211 eorum
2647 2167 2832 2211 natura

252 2267 417 2332 fuerit,
455 2267 691 2317 oblivione
726 2269 948 2316 obrutum
984 2268 1052 2315 ad
1088 2268 1328 2334 liquidum
1355 2268 1564 2333 perduci
1597 2284 1691 2316 non
1717 2267 1887 2331 possit.
1975 2267 2150 2334 Neque
2186 2269 2237 2315 in
2269 2270 2385 2333 jure
2422 2267 2646 2316 Romano
2686 2268 2831 2316 aliter

257 2387 308 2421 se
345 2387 421 2421 res
458 2373 608 2422 habet.
692 2369 825 2423 Sane
862 2372 1169 2423 excoluerunt
1203 2372 1423 2423 Romani
1456 2381 1641 2422 mature
1679 2372 1944 2422 admodum
1982 2389 2104 2435 eam,
2153 2390 2250 2439 qua
2288 2373 2508 2423 omnibus
2545 2374 2829 2423 antecellue-

256 2487 383 2540 runt,
438 2486 605 2540 artem,
646 2479 782 2544 juris
827 2479 1094 2527 scientiam.
1195 2479 1374 2528 Verum
1420 2496 1515 2527 non
1555 2480 1660 2545 fuit
1695 2478 2045 2540 Romanorum,
2099 2479 2154 2526 id
2189 2479 2317 2544 quod
2352 2478 2592 2527 neminem
2625 2479 2824 2545 fuqisse

258 2584 483 2647 arbitror,
520 2583 718 2632 minime
753 2601 861 2633 vero
901 2584 1230 2648 classicorum,
1269 2601 1385 2652 quos
1421 2592 1604 2646 vocant,
1628 2583 1761 2651 juris
1797 2583 2135 2646 consultorum,
2174 2583 2226 2632 in
2263 2584 2601 2651 antiquitatem
2638 2584 2829 2634 investi-

252 2690 475 2758 9andam
510 2689 951 2756 illustrandamque
988 2708 1135 2757 quum
1171 2690 1376 2740 multum
1416 2692 1629 2757 conferre
1658 2689 1851 2752 laboris,
1890 2698 1989 2739 tum
2007 2689 2257 2757 inqenium
2283 2699 2579 2756 praestans:
2608 2690 2832 2756 pessima

256 2813 376 2846 sane
410 2795 597 2846 ratione
632 2794 812 2845 versati
846 2803 958 2844 sunt
993 2795 1045 2844 in
1082 2811 1139 2845 ea
1188 2803 1305 2857 arte,
1360 2812 1507 2862 quum
1544 2794 1728 2845 Graeco
1765 2794 1996 2844 vocabulo
2034 2795 2372 2862 etymoloqiam
2408 2811 2652 2857 vocamus,
2708 2811 2832 2862 quae

257 2919 343 2950 ars
378 2902 431 2951 in
467 2900 835 2968 antiquitatibus
874 2910 1015 2967 atque
1050 2902 1192 2950 rebus
1230 2901 1456 2967 temporis
1493 2900 1785 2966 lonqitudine
1820 2900 2048 2950 involutis
2081 2900 2353 2951 tractandis
2380 2900 2545 2950 merito
2566 2900 2829 2949 utilissima

257 3007 458 3056 habetur
486 3007 851 3074 plurimumque
886 3006 1015 3055 valet
1050 3006 1118 3055 ad
1153 3007 1513 3070 adumbranda,
1553 3006 1891 3073 coqnoscenda,
1943 3007 2259 3073 intelliqenda
2297 3024 2368 3069 ea,
2406 3024 2607 3073 quorum
2644 3022 2666 3053 e
2701 3004 2830 3054 vitae

256 3131 353 3163 usu
377 3113 581 3181 jamdiu
616 3113 916 3164 sublatorum
951 3121 1144 3163 mortua
1182 3122 1250 3163 est
1283 3114 1336 3164 in
1371 3114 1639 3165 hominibus
1675 3113 1920 3163 memoria.
2010 3114 2079 3162 At
2130 3122 2324 3163 nostrae
2374 3111 2829 3179 antiquissimarum

257 3221 603 3270 Romanarum
637 3238 800 3270 rerum
838 3221 1098 3288 coqnitioni
1133 3221 1346 3271 maa-ime
1382 3223 1547 3284 obstat,
1586 3221 1711 3288 quod
1744 3219 2054 3269 remotiorum
2077 3221 2189 3287 fere
2210 3220 2388 3280 omnia,
2417 3217 2640 3283 plurima
2668 3226 2827 3282 poste·

253 3326 439 3377 riorum
476 3335 730 3376 auctorum
765 3327 951 3393 scripta
987 3326 1240 3394 iniquitate
1277 3335 1541 3395 temporum
1568 3326 1766 3393 perdita
1803 3326 1871 3375 ad
1906 3342 1994 3376 nos
2031 3334 2116 3375 aut
2151 3325 2340 3375 omnino
2371 3341 2464 3373 non
2491 3331 2828 3389 pervenerunt,

256 3441 341 3482 aut
376 3432 447 3481 ita
482 3432 657 3481 mutila
693 3442 736 3482 et
771 3444 1014 3500 corrupta,
1053 3443 1105 3484 ut
1125 3436 1323 3503 frustra
1360 3435 1412 3484 in
1449 3431 1669 3484 eruendis
1704 3430 2187 3497 recoqnoscendisque
2223 3430 2346 3479 veris
2383 3427 2537 3493 ipsias
2573 3427 2827 3492 scriptoris

255 3537 410 3588 verbis
447 3545 588 3604 atque
623 3539 865 3588 sententiis
902 3540 1150 3590 hominum
1188 3540 1621 3589 eruditissimorum
1657 3553 1807 3603 opera
1845 3545 2166 3586 consumatur.

1030 4161 1064 4168 ...⁴
1078 4166 1085 4168 „
1114 4137 1344 4168 tdsssslessfflbuk·
1420 4166 1423 4168 ,

3440 2745 3461 2957 ἔ
