<?xml version="1.0" encoding="UTF-8"?>
<!DOCTYPE html PUBLIC "-//W3C//DTD XHTML 1.0 Transitional//EN"
    "http://www.w3.org/TR/xhtml1/DTD/xhtml1-transitional.dtd">
<html xmlns="http://www.w3.org/1999/xhtml" xml:lang="en" lang="en">
 <head>
  <title>
</title>
<meta http-equiv="Content-Type" content="text/html;charset=utf-8" />
  <meta name='ocr-system' content='tesseract 3.04.00' />
  <meta name='ocr-capabilities' content='ocr_page ocr_carea ocr_par ocr_line ocrx_word'/>
</head>
<body>
  <div class='ocr_page' id='page_1' title='image "4777342_0017.png"; bbox 0 0 3461 4168; ppageno 0'>
   <div class='ocr_carea' id='block_1_1' title="bbox 1904 102 1970 152">
    <p class='ocr_par' dir='ltr' id='par_1_1' title="bbox 1904 102 1970 152">
     <span class='ocr_line' id='line_1_1' title="bbox 1904 102 1970 152; baseline 0 0"><span class='ocrx_word' id='word_1_1' title='bbox 1904 102 1970 152; x_wconf 69' lang='lat'><strong>10</strong></span> 
     </span>
    </p>
   </div>
   <div class='ocr_carea' id='block_1_2' title="bbox 576 252 3237 3351">
    <p class='ocr_par' dir='ltr' id='par_1_2' title="bbox 576 252 3237 3351">
     <span class='ocr_line' id='line_1_2' title="bbox 636 252 3230 324; baseline -0.002 -15"><span class='ocrx_word' id='word_1_2' title='bbox 636 259 817 309; x_wconf 73' lang='lat' dir='ltr'><strong>deeim-</strong></span> <span class='ocrx_word' id='word_1_3' title='bbox 846 257 1050 307; x_wconf 68' lang='lat' dir='ltr'><strong>tabulas</strong></span> <span class='ocrx_word' id='word_1_4' title='bbox 1084 257 1160 306; x_wconf 87' lang='lat' dir='ltr'><strong>ita</strong></span> <span class='ocrx_word' id='word_1_5' title='bbox 1187 256 1395 321; x_wconf 67' lang='lat' dir='ltr'><strong>locutas</strong></span> <span class='ocrx_word' id='word_1_6' title='bbox 1431 271 1545 308; x_wconf 76' lang='lat' dir='ltr'><strong>essu</strong></span> <span class='ocrx_word' id='word_1_7' title='bbox 1577 255 1891 324; x_wconf 74' lang='lat' dir='ltr'><strong>persuadere</strong></span> <span class='ocrx_word' id='word_1_8' title='bbox 1922 255 2199 306; x_wconf 59' lang='lat' dir='ltr'><strong>mihimn</strong></span> <span class='ocrx_word' id='word_1_9' title='bbox 2226 265 2495 321; x_wconf 50' lang='lat' dir='ltr'><strong>pessunt·</strong></span> <span class='ocrx_word' id='word_1_10' title='bbox 2521 270 2621 306; x_wconf 73' lang='lat' dir='ltr'><strong>nec</strong></span> <span class='ocrx_word' id='word_1_11' title='bbox 2673 255 2890 309; x_wconf 80' lang='lat' dir='ltr'><strong>aliunde-</strong></span> <span class='ocrx_word' id='word_1_12' title='bbox 2923 253 2982 305; x_wconf 63' lang='lat' dir='ltr'><strong>id</strong></span> <span class='ocrx_word' id='word_1_13' title='bbox 3018 252 3230 320; x_wconf 61' lang='lat' dir='ltr'><strong>proboei</strong></span> 
     </span>
     <span class='ocr_line' id='line_1_3' title="bbox 638 333 3228 417; baseline -0.002 -21"><span class='ocrx_word' id='word_1_14' title='bbox 638 361 797 413; x_wconf 77' lang='lat' dir='ltr'><strong>posse</strong></span> <span class='ocrx_word' id='word_1_15' title='bbox 850 350 994 410; x_wconf 81' lang='lat' dir='ltr'><strong>puto.</strong></span> <span class='ocrx_word' id='word_1_16' title='bbox 1081 341 1151 394; x_wconf 76' lang='lat' dir='ltr'><strong>Et</strong></span> <span class='ocrx_word' id='word_1_17' title='bbox 1204 343 1252 394; x_wconf 80' lang='lat' dir='ltr'><strong>si</strong></span> <span class='ocrx_word' id='word_1_18' title='bbox 1299 342 1583 393; x_wconf 75' lang='lat' dir='ltr'><strong>verborum</strong></span> <span class='ocrx_word' id='word_1_19' title='bbox 1630 342 1756 393; x_wconf 79' lang='lat' dir='ltr'><strong>nexi</strong></span> <span class='ocrx_word' id='word_1_20' title='bbox 1806 349 1861 393; x_wconf 80' lang='lat' dir='ltr'><strong>ct</strong></span> <span class='ocrx_word' id='word_1_21' title='bbox 1913 341 2156 409; x_wconf 75' lang='lat' dir='ltr'><strong>mancipii</strong></span> <span class='ocrx_word' id='word_1_22' title='bbox 2205 341 2474 392; x_wconf 71' lang='lat' dir='ltr'><strong>notionem</strong></span> <span class='ocrx_word' id='word_1_23' title='bbox 2517 342 2781 417; x_wconf 71' lang='lat' dir='ltr'><strong>propriam</strong></span> <span class='ocrx_word' id='word_1_24' title='bbox 2827 333 3228 413; x_wconf 58' lang='lat' dir='ltr'><strong>consideranti-³,</strong></span> 
     </span>
     <span class='ocr_line' id='line_1_4' title="bbox 640 418 3230 495; baseline -0.002 -15"><span class='ocrx_word' id='word_1_25' title='bbox 640 445 858 481; x_wconf 76' lang='lat' dir='ltr'><strong>necesse</strong></span> <span class='ocrx_word' id='word_1_26' title='bbox 895 436 976 480; x_wconf 86' lang='lat' dir='ltr'><strong>est</strong></span> <span class='ocrx_word' id='word_1_27' title='bbox 1011 429 1257 493; x_wconf 82' lang='lat' dir='ltr'><strong>dieamus,</strong></span> <span class='ocrx_word' id='word_1_28' title='bbox 1294 445 1357 479; x_wconf 80' lang='lat' dir='ltr'><strong>ea</strong></span> <span class='ocrx_word' id='word_1_29' title='bbox 1391 443 1547 495; x_wconf 68' lang='lat' dir='ltr'><strong>quam</strong></span> <span class='ocrx_word' id='word_1_30' title='bbox 1582 429 1808 480; x_wconf 76' lang='lat' dir='ltr'><strong>maxime</strong></span> <span class='ocrx_word' id='word_1_31' title='bbox 1843 428 2062 481; x_wconf 71' lang='lat' dir='ltr'><strong>diversa»</strong></span> <span class='ocrx_word' id='word_1_32' title='bbox 2083 442 2220 479; x_wconf 68' lang='lat' dir='ltr'><strong>csse.</strong></span> <span class='ocrx_word' id='word_1_33' title='bbox 2279 425 2442 493; x_wconf 65' lang='lat' dir='ltr'><strong>Aequi</strong></span> <span class='ocrx_word' id='word_1_34' title='bbox 2476 418 2790 490; x_wconf 43' lang='lat' dir='ltr'><strong>niss’mstituti,</strong></span> <span class='ocrx_word' id='word_1_35' title='bbox 2837 427 2977 493; x_wconf 61' lang='lat' dir='ltr'><strong>juris⁴</strong></span> <span class='ocrx_word' id='word_1_36' title='bbox 3001 438 3230 493; x_wconf 71' lang='lat' dir='ltr'><strong>praescr·-</strong></span> 
     </span>
     <span class='ocr_line' id='line_1_5' title="bbox 640 511 3232 582; baseline -0.002 -14"><span class='ocrx_word' id='word_1_37' title='bbox 640 517 741 568; x_wconf 83' lang='lat' dir='ltr'><strong>tim</strong></span> <span class='ocrx_word' id='word_1_38' title='bbox 774 515 1019 578; x_wconf 87' lang='lat' dir='ltr'><strong>Romani,</strong></span> <span class='ocrx_word' id='word_1_39' title='bbox 1069 515 1318 582; x_wconf 77' lang='lat' dir='ltr'>originem</span> <span class='ocrx_word' id='word_1_40' title='bbox 1368 521 1419 564; x_wconf 82' lang='lat' dir='ltr'><strong>et</strong></span> <span class='ocrx_word' id='word_1_41' title='bbox 1459 520 1700 564; x_wconf 68' lang='lat' dir='ltr'><strong>naturam</strong></span> <span class='ocrx_word' id='word_1_42' title='bbox 1729 514 2062 582; x_wconf 69' lang='lat' dir='ltr'><strong>investigate-</strong></span> <span class='ocrx_word' id='word_1_43' title='bbox 2083 522 2135 565; x_wconf 76' lang='lat' dir='ltr'><strong>et</strong></span> <span class='ocrx_word' id='word_1_44' title='bbox 2167 512 2416 581; x_wconf 71' lang='lat' dir='ltr'><strong>indagare</strong></span> <span class='ocrx_word' id='word_1_45' title='bbox 2446 513 2505 562; x_wconf 69' lang='lat' dir='ltr'><strong>in</strong></span> <span class='ocrx_word' id='word_1_46' title='bbox 2533 513 2715 563; x_wconf 67' lang='lat' dir='ltr'><strong>anino</strong></span> <span class='ocrx_word' id='word_1_47' title='bbox 2742 521 2841 576; x_wconf 26' lang='lat' dir='ltr'><strong>*osa</strong></span> <span class='ocrx_word' id='word_1_48' title='bbox 2893 511 3232 579; x_wconf 57' lang='lat' dir='ltr'><strong>opima-duit</strong></span> 
     </span>
     <span class='ocr_line' id='line_1_6' title="bbox 645 595 3234 667; baseline -0.001 -14"><span class='ocrx_word' id='word_1_49' title='bbox 645 620 766 654; x_wconf 71' lang='lat' dir='ltr'><strong>esse</strong></span> <span class='ocrx_word' id='word_1_50' title='bbox 797 602 1006 653; x_wconf 84' lang='lat' dir='ltr'><strong>videtur</strong></span> <span class='ocrx_word' id='word_1_51' title='bbox 1023 600 1294 662; x_wconf 69' lang='lat' dir='ltr'><strong>¹vocabuli,</strong></span> <span class='ocrx_word' id='word_1_52' title='bbox 1342 616 1445 665; x_wconf 89' lang='lat' dir='ltr'><strong>quo</strong></span> <span class='ocrx_word' id='word_1_53' title='bbox 1483 599 1815 666; x_wconf 83' lang='lat' dir='ltr'><strong>significatur,</strong></span> <span class='ocrx_word' id='word_1_54' title='bbox 1861 601 1942 650; x_wconf 75' lang='lat' dir='ltr'><strong>vis</strong></span> <span class='ocrx_word' id='word_1_55' title='bbox 1979 609 2039 650; x_wconf 85' lang='lat' dir='ltr'><strong>et·</strong></span> <span class='ocrx_word' id='word_1_56' title='bbox 2065 609 2310 667; x_wconf 66' lang='lat' dir='ltr'><strong>potestas,</strong></span> <span class='ocrx_word' id='word_1_57' title='bbox 2358 616 2506 666; x_wconf 78' lang='lat' dir='ltr'><strong>quae,</strong></span> <span class='ocrx_word' id='word_1_58' title='bbox 2560 600 2805 666; x_wconf 69' lang='lat' dir='ltr'><strong>quoniam</strong></span> <span class='ocrx_word' id='word_1_59' title='bbox 2838 608 2892 650; x_wconf 72' lang='lat' dir='ltr'><strong>et</strong></span> <span class='ocrx_word' id='word_1_60' title='bbox 2924 595 3234 651; x_wconf 50' lang='lat' dir='ltr'><strong>verbumst&amp;</strong></span> 
     </span>
     <span class='ocr_line' id='line_1_7' title="bbox 637 679 3231 755; baseline -0.002 -16"><span class='ocrx_word' id='word_1_61' title='bbox 637 689 727 754; x_wconf 81' lang='lat' dir='ltr'><strong>jus</strong></span> <span class='ocrx_word' id='word_1_62' title='bbox 763 689 818 738; x_wconf 88' lang='lat' dir='ltr'><strong>in</strong></span> <span class='ocrx_word' id='word_1_63' title='bbox 853 690 968 755; x_wconf 86' lang='lat' dir='ltr'><strong>ipso</strong></span> <span class='ocrx_word' id='word_1_64' title='bbox 1008 689 1093 754; x_wconf 90' lang='lat' dir='ltr'><strong>qui</strong></span> <span class='ocrx_word' id='word_1_65' title='bbox 1128 688 1191 736; x_wconf 88' lang='lat' dir='ltr'><strong>iis</strong></span> <span class='ocrx_word' id='word_1_66' title='bbox 1225 687 1399 748; x_wconf 86' lang='lat' dir='ltr'><strong>utitur,</strong></span> <span class='ocrx_word' id='word_1_67' title='bbox 1434 686 1628 752; x_wconf 90' lang='lat' dir='ltr'><strong>populo</strong></span> <span class='ocrx_word' id='word_1_68' title='bbox 1666 693 1836 735; x_wconf 85' lang='lat' dir='ltr'><strong>ortum</strong></span> <span class='ocrx_word' id='word_1_69' title='bbox 1871 687 1925 735; x_wconf 85' lang='lat' dir='ltr'><strong>in</strong></span> <span class='ocrx_word' id='word_1_70' title='bbox 1961 687 2147 737; x_wconf 82' lang='lat' dir='ltr'><strong>eodem</strong></span> <span class='ocrx_word' id='word_1_71' title='bbox 2172 688 2346 738; x_wconf 68' lang='lat' dir='ltr'><strong>&#39;crevit</strong></span> <span class='ocrx_word' id='word_1_72' title='bbox 2379 685 2721 751; x_wconf 82' lang='lat' dir='ltr'><strong>adolevitque‚</strong></span> <span class='ocrx_word' id='word_1_73' title='bbox 2756 679 2935 737; x_wconf 80' lang='lat' dir='ltr'><strong>veram</strong></span> <span class='ocrx_word' id='word_1_74' title='bbox 2963 684 3231 738; x_wconf 66' lang='lat' dir='ltr'><strong>nunonem</strong></span> 
     </span>
     <span class='ocr_line' id='line_1_8' title="bbox 645 757 3232 842; baseline -0.002 -16"><span class='ocrx_word' id='word_1_75' title='bbox 645 757 801 842; x_wconf 72' lang='lat' dir='ltr'><strong>atque</strong></span> <span class='ocrx_word' id='word_1_76' title='bbox 836 783 1076 825; x_wconf 83' lang='lat' dir='ltr'><strong>naturam</strong></span> <span class='ocrx_word' id='word_1_77' title='bbox 1110 788 1322 823; x_wconf 81' lang='lat' dir='ltr'><strong>necesse</strong></span> <span class='ocrx_word' id='word_1_78' title='bbox 1360 780 1440 822; x_wconf 85' lang='lat' dir='ltr'><strong>est</strong></span> <span class='ocrx_word' id='word_1_79' title='bbox 1476 772 1744 838; x_wconf 78' lang='lat' dir='ltr'><strong>exprimat.</strong></span> <span class='ocrx_word' id='word_1_80' title='bbox 1827 768 2025 832; x_wconf 77' lang='lat' dir='ltr'><strong>Quodsi</strong></span> <span class='ocrx_word' id='word_1_81' title='bbox 2060 774 2208 824; x_wconf 78' lang='lat' dir='ltr'><strong>verbi</strong></span> <span class='ocrx_word' id='word_1_82' title='bbox 2239 773 2482 840; x_wconf 81' lang='lat' dir='ltr'><strong>mancipii</strong></span> <span class='ocrx_word' id='word_1_83' title='bbox 2514 773 2625 824; x_wconf 84' lang='lat' dir='ltr'><strong>vim·</strong></span> <span class='ocrx_word' id='word_1_84' title='bbox 2655 773 2988 838; x_wconf 79' lang='lat' dir='ltr'><strong>inquiramus,</strong></span> <span class='ocrx_word' id='word_1_85' title='bbox 3038 784 3232 821; x_wconf 73' lang='lat' dir='ltr'><strong>nomen</strong></span> 
     </span>
     <span class='ocr_line' id='line_1_9' title="bbox 645 858 3234 925; baseline -0.001 -15"><span class='ocrx_word' id='word_1_86' title='bbox 645 861 748 910; x_wconf 83' lang='lat' dir='ltr'><strong>hoc</strong></span> <span class='ocrx_word' id='word_1_87' title='bbox 785 859 832 909; x_wconf 68' lang='grc' dir='ltr'><strong>α’</strong></span> <span class='ocrx_word' id='word_1_88' title='bbox 850 877 1010 910; x_wconf 86' lang='lat' dir='ltr'><strong>manu</strong></span> <span class='ocrx_word' id='word_1_89' title='bbox 1047 867 1098 909; x_wconf 79' lang='lat' dir='ltr'><strong>et</strong></span> <span class='ocrx_word' id='word_1_90' title='bbox 1134 858 1386 925; x_wconf 73' lang='lat' dir='ltr'><strong>capiendo</strong></span> <span class='ocrx_word' id='word_1_91' title='bbox 1421 858 1617 908; x_wconf 81' lang='lat' dir='ltr'><strong>dictum</strong></span> <span class='ocrx_word' id='word_1_92' title='bbox 1654 875 1766 907; x_wconf 89' lang='lat' dir='ltr'><strong>esse</strong></span> <span class='ocrx_word' id='word_1_93' title='bbox 1805 866 1857 906; x_wconf 93' lang='lat' dir='ltr'><strong>et</strong></span> <span class='ocrx_word' id='word_1_94' title='bbox 1891 866 2103 908; x_wconf 75' lang='lat' dir='ltr'><strong>veteres</strong></span> <span class='ocrx_word' id='word_1_95' title='bbox 2134 861 2296 910; x_wconf 74' lang='lat' dir='ltr'><strong>semel</strong></span> <span class='ocrx_word' id='word_1_96' title='bbox 2330 868 2383 910; x_wconf 83' lang='lat' dir='ltr'><strong>et</strong></span> <span class='ocrx_word' id='word_1_97' title='bbox 2429 860 2631 925; x_wconf 83' lang='lat' dir='ltr'><strong>saepius</strong></span> <span class='ocrx_word' id='word_1_98' title='bbox 2678 859 2951 920; x_wconf 79' lang='lat' dir='ltr'><strong>affirmant,</strong></span> <span class='ocrx_word' id='word_1_99' title='bbox 3002 873 3099 908; x_wconf 71' lang='lat' dir='ltr'><strong>nec</strong></span> <span class='ocrx_word' id='word_1_100' title='bbox 3154 864 3234 908; x_wconf 71' lang='lat' dir='ltr'><strong>est</strong></span> 
     </span>
     <span class='ocr_line' id='line_1_10' title="bbox 647 933 3233 1012; baseline -0.001 -16"><span class='ocrx_word' id='word_1_101' title='bbox 647 963 738 996; x_wconf 91' lang='lat' dir='ltr'><strong>cur</strong></span> <span class='ocrx_word' id='word_1_102' title='bbox 775 964 805 995; x_wconf 89' lang='lat' dir='ltr'><strong>a</strong></span> <span class='ocrx_word' id='word_1_103' title='bbox 839 946 990 996; x_wconf 87' lang='lat' dir='ltr'><strong>nobis</strong></span> <span class='ocrx_word' id='word_1_104' title='bbox 1025 946 1078 994; x_wconf 91' lang='lat' dir='ltr'><strong>in</strong></span> <span class='ocrx_word' id='word_1_105' title='bbox 1128 944 1342 994; x_wconf 76' lang='lat' dir='ltr'><strong>dubium</strong></span> <span class='ocrx_word' id='word_1_106' title='bbox 1377 952 1606 994; x_wconf 83' lang='lat' dir='ltr'><strong>vocetur.</strong></span> <span class='ocrx_word' id='word_1_107' title='bbox 1694 942 1760 993; x_wconf 83' lang='lat' dir='ltr'><strong>Et</strong></span> <span class='ocrx_word' id='word_1_108' title='bbox 1807 942 2047 993; x_wconf 77' lang='lat' dir='ltr'><strong>dicuntur</strong></span> <span class='ocrx_word' id='word_1_109' title='bbox 2088 946 2360 1012; x_wconf 80' lang='lat' dir='ltr'><strong>mancipia,</strong></span> <span class='ocrx_word' id='word_1_110' title='bbox 2416 946 2569 996; x_wconf 86' lang='lat' dir='ltr'><strong>ctiam</strong></span> <span class='ocrx_word' id='word_1_111' title='bbox 2620 945 2675 996; x_wconf 88' lang='lat' dir='ltr'><strong>in</strong></span> <span class='ocrx_word' id='word_1_112' title='bbox 2721 945 2837 1011; x_wconf 75' lang='lat' dir='ltr'><strong>jure</strong></span> <span class='ocrx_word' id='word_1_113' title='bbox 2874 933 3233 1005; x_wconf 69' lang='lat' dir='ltr'><strong>TJustinianeo,</strong></span> 
     </span>
     <span class='ocr_line' id='line_1_11' title="bbox 644 1029 3233 1098; baseline -0.002 -15"><span class='ocrx_word' id='word_1_114' title='bbox 644 1031 899 1094; x_wconf 80' lang='lat' dir='ltr'><strong>homineS,</strong></span> <span class='ocrx_word' id='word_1_115' title='bbox 937 1032 1024 1097; x_wconf 89' lang='lat' dir='ltr'><strong>qui</strong></span> <span class='ocrx_word' id='word_1_116' title='bbox 1057 1032 1297 1083; x_wconf 83' lang='lat' dir='ltr'><strong>libertate</strong></span> <span class='ocrx_word' id='word_1_117' title='bbox 1335 1038 1524 1081; x_wconf 84' lang='lat' dir='ltr'><strong>carent.</strong></span> <span class='ocrx_word' id='word_1_118' title='bbox 1614 1029 1756 1090; x_wconf 84' lang='lat' dir='ltr'><strong>Quos</strong></span> <span class='ocrx_word' id='word_1_119' title='bbox 1799 1047 1979 1080; x_wconf 89' lang='lat' dir='ltr'><strong>servos</strong></span> <span class='ocrx_word' id='word_1_120' title='bbox 2027 1031 2288 1096; x_wconf 87' lang='lat' dir='ltr'><strong>appellant</strong></span> <span class='ocrx_word' id='word_1_121' title='bbox 2323 1030 2559 1093; x_wconf 74' lang='lat' dir='ltr'><strong>Romani,</strong></span> <span class='ocrx_word' id='word_1_122' title='bbox 2611 1048 2768 1098; x_wconf 84' lang='lat' dir='ltr'><strong>quum</strong></span> <span class='ocrx_word' id='word_1_123' title='bbox 2820 1030 2885 1081; x_wconf 86' lang='lat' dir='ltr'><strong>de</strong></span> <span class='ocrx_word' id='word_1_124' title='bbox 2939 1030 3233 1083; x_wconf 81' lang='lat' dir='ltr'><strong>conditione</strong></span> 
     </span>
     <span class='ocr_line' id='line_1_12' title="bbox 647 1111 3234 1183; baseline -0 -14"><span class='ocrx_word' id='word_1_125' title='bbox 647 1136 827 1169; x_wconf 86' lang='lat' dir='ltr'><strong>eorum</strong></span> <span class='ocrx_word' id='word_1_126' title='bbox 865 1118 974 1169; x_wconf 88' lang='lat' dir='ltr'><strong>sive</strong></span> <span class='ocrx_word' id='word_1_127' title='bbox 1011 1119 1065 1169; x_wconf 89' lang='lat' dir='ltr'><strong>in</strong></span> <span class='ocrx_word' id='word_1_128' title='bbox 1094 1118 1308 1169; x_wconf 60' lang='lat' dir='ltr'><strong>,civitate</strong></span> <span class='ocrx_word' id='word_1_129' title='bbox 1347 1118 1454 1168; x_wconf 91' lang='lat' dir='ltr'><strong>sive</strong></span> <span class='ocrx_word' id='word_1_130' title='bbox 1490 1117 1543 1167; x_wconf 91' lang='lat' dir='ltr'><strong>in</strong></span> <span class='ocrx_word' id='word_1_131' title='bbox 1573 1117 1690 1183; x_wconf 88' lang='lat' dir='ltr'><strong>jure</strong></span> <span class='ocrx_word' id='word_1_132' title='bbox 1728 1116 1910 1183; x_wconf 85' lang='lat' dir='ltr'><strong>agitur,</strong></span> <span class='ocrx_word' id='word_1_133' title='bbox 1948 1111 2185 1179; x_wconf 80' lang='lat' dir='ltr'><strong>famulos,</strong></span> <span class='ocrx_word' id='word_1_134' title='bbox 2227 1134 2385 1182; x_wconf 83' lang='lat' dir='ltr'><strong>quum</strong></span> <span class='ocrx_word' id='word_1_135' title='bbox 2422 1118 2813 1171; x_wconf 74' lang='lat' dir='ltr'><strong>considerantur</strong></span> <span class='ocrx_word' id='word_1_136' title='bbox 2847 1126 2905 1167; x_wconf 86' lang='lat' dir='ltr'><strong>ut</strong></span> <span class='ocrx_word' id='word_1_137' title='bbox 2937 1133 3058 1182; x_wconf 70' lang='lat' dir='ltr'><strong>pars</strong></span> <span class='ocrx_word' id='word_1_138' title='bbox 3092 1115 3234 1168; x_wconf 71' lang='lat' dir='ltr'><strong>fami-</strong></span> 
     </span>
     <span class='ocr_line' id='line_1_13' title="bbox 643 1203 3236 1272; baseline 0 -17"><span class='ocrx_word' id='word_1_139' title='bbox 643 1205 744 1255; x_wconf 89' lang='lat' dir='ltr'><strong>liae</strong></span> <span class='ocrx_word' id='word_1_140' title='bbox 780 1205 1165 1272; x_wconf 79' lang='lat' dir='ltr'><strong>patrisfamilias</strong></span> <span class='ocrx_word' id='word_1_141' title='bbox 1200 1204 1443 1271; x_wconf 80' lang='lat' dir='ltr'><strong>potestati</strong></span> <span class='ocrx_word' id='word_1_142' title='bbox 1482 1203 1728 1270; x_wconf 84' lang='lat' dir='ltr'><strong>subjecta,</strong></span> <span class='ocrx_word' id='word_1_143' title='bbox 1763 1203 2019 1270; x_wconf 87' lang='lat' dir='ltr'><strong>mancipia</strong></span> <span class='ocrx_word' id='word_1_144' title='bbox 2056 1220 2179 1254; x_wconf 87' lang='lat' dir='ltr'><strong>vero</strong></span> <span class='ocrx_word' id='word_1_145' title='bbox 2218 1220 2374 1270; x_wconf 89' lang='lat' dir='ltr'><strong>quum</strong></span> <span class='ocrx_word' id='word_1_146' title='bbox 2411 1205 2557 1269; x_wconf 89' lang='lat' dir='ltr'><strong>quasi</strong></span> <span class='ocrx_word' id='word_1_147' title='bbox 2591 1221 2739 1256; x_wconf 74' lang='lat' dir='ltr'><strong>merx</strong></span> <span class='ocrx_word' id='word_1_148' title='bbox 2777 1204 3048 1266; x_wconf 77' lang='lat' dir='ltr'>habentur,</span> <span class='ocrx_word' id='word_1_149' title='bbox 3088 1219 3236 1269; x_wconf 75' lang='lat' dir='ltr'><strong>quae,</strong></span> 
     </span>
     <span class='ocr_line' id='line_1_14' title="bbox 646 1290 3234 1358; baseline -0.001 -16"><span class='ocrx_word' id='word_1_150' title='bbox 646 1300 705 1343; x_wconf 88' lang='lat' dir='ltr'><strong>ut</strong></span> <span class='ocrx_word' id='word_1_151' title='bbox 742 1293 842 1342; x_wconf 88' lang='lat' dir='ltr'><strong>alia</strong></span> <span class='ocrx_word' id='word_1_152' title='bbox 875 1310 1039 1354; x_wconf 81' lang='lat' dir='ltr'><strong>merx,</strong></span> <span class='ocrx_word' id='word_1_153' title='bbox 1078 1292 1338 1358; x_wconf 85' lang='lat' dir='ltr'>emptione</span> <span class='ocrx_word' id='word_1_154' title='bbox 1376 1290 1692 1354; x_wconf 80' lang='lat' dir='ltr'><strong>venditione,</strong></span> <span class='ocrx_word' id='word_1_155' title='bbox 1729 1291 2024 1353; x_wconf 80' lang='lat' dir='ltr'><strong>donatione,</strong></span> <span class='ocrx_word' id='word_1_156' title='bbox 2076 1291 2453 1356; x_wconf 71' lang='lat' dir='ltr'><strong>permutatione</strong></span> <span class='ocrx_word' id='word_1_157' title='bbox 2502 1298 2830 1357; x_wconf 83' lang='lat' dir='ltr'><strong>comparatur</strong></span> <span class='ocrx_word' id='word_1_158' title='bbox 2875 1300 2928 1340; x_wconf 90' lang='lat' dir='ltr'><strong>et</strong></span> <span class='ocrx_word' id='word_1_159' title='bbox 2971 1291 3234 1341; x_wconf 77' lang='lat' dir='ltr'><strong>alienatur.</strong></span> 
     </span>
     <span class='ocr_line' id='line_1_15' title="bbox 644 1376 3236 1454; baseline 0 -26"><span class='ocrx_word' id='word_1_160' title='bbox 644 1378 739 1428; x_wconf 85' lang='lat' dir='ltr'><strong>Est</strong></span> <span class='ocrx_word' id='word_1_161' title='bbox 770 1385 949 1454; x_wconf 56' lang='lat' dir='ltr'><strong>¹autem</strong></span> <span class='ocrx_word' id='word_1_162' title='bbox 986 1378 1150 1429; x_wconf 87' lang='lat' dir='ltr'><strong>servis</strong></span> <span class='ocrx_word' id='word_1_163' title='bbox 1177 1395 1377 1436; x_wconf 52' lang='lat' dir='ltr'><strong>,nomen</strong></span> <span class='ocrx_word' id='word_1_164' title='bbox 1411 1376 1631 1427; x_wconf 82' lang='lat' dir='ltr'><strong>inditum</strong></span> <span class='ocrx_word' id='word_1_165' title='bbox 1678 1377 2067 1443; x_wconf 82' lang='lat' dir='ltr'><strong>mancipiorum,</strong></span> <span class='ocrx_word' id='word_1_166' title='bbox 2122 1378 2242 1443; x_wconf 92' lang='lat' dir='ltr'><strong>quia</strong></span> <span class='ocrx_word' id='word_1_167' title='bbox 2287 1377 2424 1443; x_wconf 89' lang='lat' dir='ltr'><strong>apud</strong></span> <span class='ocrx_word' id='word_1_168' title='bbox 2478 1378 2713 1443; x_wconf 84' lang='lat' dir='ltr'><strong>antiquas</strong></span> <span class='ocrx_word' id='word_1_169' title='bbox 2767 1385 2946 1442; x_wconf 78' lang='lat' dir='ltr'><strong>gentes</strong></span> <span class='ocrx_word' id='word_1_170' title='bbox 2998 1377 3236 1428; x_wconf 77' lang='lat' dir='ltr'><strong>homines</strong></span> 
     </span>
     <span class='ocr_line' id='line_1_16' title="bbox 644 1462 3236 1530; baseline 0 -17"><span class='ocrx_word' id='word_1_171' title='bbox 644 1481 804 1513; x_wconf 81' lang='lat' dir='ltr'><strong>manu</strong></span> <span class='ocrx_word' id='word_1_172' title='bbox 840 1464 977 1530; x_wconf 85' lang='lat' dir='ltr'><strong>capti</strong></span> <span class='ocrx_word' id='word_1_173' title='bbox 1012 1464 1077 1513; x_wconf 92' lang='lat' dir='ltr'><strong>ab</strong></span> <span class='ocrx_word' id='word_1_174' title='bbox 1114 1463 1351 1515; x_wconf 84' lang='lat' dir='ltr'><strong>hostibus</strong></span> <span class='ocrx_word' id='word_1_175' title='bbox 1378 1463 1562 1530; x_wconf 85' lang='lat' dir='ltr'><strong>utique</strong></span> <span class='ocrx_word' id='word_1_176' title='bbox 1599 1464 1653 1513; x_wconf 90' lang='lat' dir='ltr'><strong>in</strong></span> <span class='ocrx_word' id='word_1_177' title='bbox 1689 1464 1991 1514; x_wconf 87' lang='lat' dir='ltr'><strong>servitutem</strong></span> <span class='ocrx_word' id='word_1_178' title='bbox 2021 1463 2402 1530; x_wconf 70' lang='lat' dir='ltr'><strong>redigebantur,</strong></span> <span class='ocrx_word' id='word_1_179' title='bbox 2436 1463 2574 1514; x_wconf 88' lang='lat' dir='ltr'><strong>unde</strong></span> <span class='ocrx_word' id='word_1_180' title='bbox 2603 1464 2714 1529; x_wconf 91' lang='lat' dir='ltr'><strong>ipsa</strong></span> <span class='ocrx_word' id='word_1_181' title='bbox 2744 1463 2965 1514; x_wconf 84' lang='lat' dir='ltr'><strong>servitus</strong></span> <span class='ocrx_word' id='word_1_182' title='bbox 2986 1462 3236 1529; x_wconf 76' lang='lat' dir='ltr'><strong>originem</strong></span> 
     </span>
     <span class='ocr_line' id='line_1_17' title="bbox 645 1541 3236 1618; baseline -0 -18"><span class='ocrx_word' id='word_1_183' title='bbox 645 1551 867 1601; x_wconf 78' lang='lat' dir='ltr'><strong>traxisse</strong></span> <span class='ocrx_word' id='word_1_184' title='bbox 903 1551 1175 1617; x_wconf 86' lang='lat' dir='ltr'><strong>reperitur.</strong></span> <span class='ocrx_word' id='word_1_185' title='bbox 1246 1549 1366 1600; x_wconf 89' lang='lat' dir='ltr'><strong>Alia</strong></span> <span class='ocrx_word' id='word_1_186' title='bbox 1402 1551 1775 1618; x_wconf 82' lang='lat' dir='ltr'><strong>significatione</strong></span> <span class='ocrx_word' id='word_1_187' title='bbox 1810 1551 2122 1616; x_wconf 86' lang='lat' dir='ltr'><strong>mancipium</strong></span> <span class='ocrx_word' id='word_1_188' title='bbox 2159 1550 2268 1600; x_wconf 89' lang='lat' dir='ltr'><strong>sive</strong></span> <span class='ocrx_word' id='word_1_189' title='bbox 2304 1566 2459 1601; x_wconf 79' lang='lat' dir='ltr'><strong>causa</strong></span> <span class='ocrx_word' id='word_1_190' title='bbox 2493 1550 2732 1616; x_wconf 87' lang='lat' dir='ltr'><strong>mancipii</strong></span> <span class='ocrx_word' id='word_1_191' title='bbox 2761 1541 2843 1599; x_wconf 84' lang='lat' dir='ltr'><strong>est</strong></span> <span class='ocrx_word' id='word_1_192' title='bbox 2860 1556 3024 1601; x_wconf 82' lang='lat' dir='ltr'><strong>status</strong></span> <span class='ocrx_word' id='word_1_193' title='bbox 3051 1549 3236 1601; x_wconf 84' lang='lat' dir='ltr'><strong>libero-</strong></span> 
     </span>
     <span class='ocr_line' id='line_1_18' title="bbox 646 1634 3235 1701; baseline -0 -16"><span class='ocrx_word' id='word_1_194' title='bbox 646 1653 763 1685; x_wconf 88' lang='lat' dir='ltr'><strong>rum</strong></span> <span class='ocrx_word' id='word_1_195' title='bbox 799 1637 1084 1698; x_wconf 88' lang='lat' dir='ltr'><strong>hominum,</strong></span> <span class='ocrx_word' id='word_1_196' title='bbox 1138 1653 1239 1701; x_wconf 92' lang='lat' dir='ltr'><strong>quo</strong></span> <span class='ocrx_word' id='word_1_197' title='bbox 1275 1637 1482 1686; x_wconf 88' lang='lat' dir='ltr'><strong>tametsi</strong></span> <span class='ocrx_word' id='word_1_198' title='bbox 1517 1637 1655 1687; x_wconf 83' lang='lat' dir='ltr'><strong>servi</strong></span> <span class='ocrx_word' id='word_1_199' title='bbox 1703 1653 1812 1686; x_wconf 92' lang='lat' dir='ltr'><strong>non</strong></span> <span class='ocrx_word' id='word_1_200' title='bbox 1846 1642 1981 1697; x_wconf 89' lang='lat' dir='ltr'><strong>sunt,</strong></span> <span class='ocrx_word' id='word_1_201' title='bbox 2036 1652 2303 1688; x_wconf 81' lang='lat' dir='ltr'><strong>servorum</strong></span> <span class='ocrx_word' id='word_1_202' title='bbox 2341 1643 2517 1686; x_wconf 88' lang='lat' dir='ltr'><strong>tamen</strong></span> <span class='ocrx_word' id='word_1_203' title='bbox 2550 1636 2668 1685; x_wconf 92' lang='lat' dir='ltr'><strong>loco</strong></span> <span class='ocrx_word' id='word_1_204' title='bbox 2705 1635 2995 1686; x_wconf 65' lang='lat' dir='ltr'><strong>habentui-2</strong></span> <span class='ocrx_word' id='word_1_205' title='bbox 3048 1634 3235 1700; x_wconf 87' lang='lat' dir='ltr'><strong>quippe</strong></span> 
     </span>
     <span class='ocr_line' id='line_1_19' title="bbox 648 1720 3237 1787; baseline 0.001 -18"><span class='ocrx_word' id='word_1_206' title='bbox 648 1721 945 1772; x_wconf 85' lang='lat' dir='ltr'><strong>ceciderunt</strong></span> <span class='ocrx_word' id='word_1_207' title='bbox 996 1723 1050 1770; x_wconf 91' lang='lat' dir='ltr'><strong>in</strong></span> <span class='ocrx_word' id='word_1_208' title='bbox 1106 1738 1223 1770; x_wconf 91' lang='lat' dir='ltr'><strong>eum</strong></span> <span class='ocrx_word' id='word_1_209' title='bbox 1281 1729 1472 1772; x_wconf 86' lang='lat' dir='ltr'><strong>statum</strong></span> <span class='ocrx_word' id='word_1_210' title='bbox 1527 1721 1826 1771; x_wconf 86' lang='lat' dir='ltr'><strong>venditione</strong></span> <span class='ocrx_word' id='word_1_211' title='bbox 1881 1720 2104 1787; x_wconf 88' lang='lat' dir='ltr'><strong>quadam</strong></span> <span class='ocrx_word' id='word_1_212' title='bbox 2156 1738 2426 1772; x_wconf 82' lang='lat' dir='ltr'><strong>servorum</strong></span> <span class='ocrx_word' id='word_1_213' title='bbox 2474 1721 2626 1779; x_wconf 86' lang='lat' dir='ltr'><strong>simili</strong></span> <span class='ocrx_word' id='word_1_214' title='bbox 2660 1721 2714 1772; x_wconf 86' lang='lat' dir='ltr'><strong>in</strong></span> <span class='ocrx_word' id='word_1_215' title='bbox 2750 1721 2881 1772; x_wconf 82' lang='lat' dir='ltr'><strong>alius</strong></span> <span class='ocrx_word' id='word_1_216' title='bbox 2925 1727 3237 1787; x_wconf 74' lang='lat' dir='ltr'><strong>potestatem</strong></span> 
     </span>
     <span class='ocr_line' id='line_1_20' title="bbox 613 1795 3235 1874; baseline 0 -18"><span class='ocrx_word' id='word_1_217' title='bbox 613 1795 894 1857; x_wconf 49' lang='lat' dir='ltr'><strong>”translati</strong></span> <span class='ocrx_word' id='word_1_218' title='bbox 964 1806 1079 1857; x_wconf 92' lang='lat' dir='ltr'><strong>Hoc</strong></span> <span class='ocrx_word' id='word_1_219' title='bbox 1115 1808 1428 1874; x_wconf 87' lang='lat' dir='ltr'><strong>mancipium</strong></span> <span class='ocrx_word' id='word_1_220' title='bbox 1464 1809 1525 1858; x_wconf 91' lang='lat' dir='ltr'><strong>iis</strong></span> <span class='ocrx_word' id='word_1_221' title='bbox 1561 1809 1897 1874; x_wconf 90' lang='lat' dir='ltr'><strong>temporibus,</strong></span> <span class='ocrx_word' id='word_1_222' title='bbox 1935 1809 2119 1874; x_wconf 89' lang='lat' dir='ltr'><strong>quibus</strong></span> <span class='ocrx_word' id='word_1_223' title='bbox 2139 1807 2276 1874; x_wconf 91' lang='lat' dir='ltr'><strong>apud</strong></span> <span class='ocrx_word' id='word_1_224' title='bbox 2293 1806 2559 1858; x_wconf 84' lang='lat' dir='ltr'><strong>Romanos</strong></span> <span class='ocrx_word' id='word_1_225' title='bbox 2588 1807 2763 1857; x_wconf 89' lang='lat' dir='ltr'><strong>floruit</strong></span> <span class='ocrx_word' id='word_1_226' title='bbox 2791 1808 2921 1874; x_wconf 88' lang='lat' dir='ltr'><strong>juris</strong></span> <span class='ocrx_word' id='word_1_227' title='bbox 2952 1807 3235 1873; x_wconf 78' lang='lat' dir='ltr'><strong>disciplina,</strong></span> 
     </span>
     <span class='ocr_line' id='line_1_21' title="bbox 645 1894 3234 1962; baseline 0.001 -20"><span class='ocrx_word' id='word_1_228' title='bbox 645 1894 699 1942; x_wconf 90' lang='lat' dir='ltr'><strong>in</strong></span> <span class='ocrx_word' id='word_1_229' title='bbox 752 1911 849 1943; x_wconf 89' lang='lat' dir='ltr'><strong>usu</strong></span> <span class='ocrx_word' id='word_1_230' title='bbox 903 1894 1061 1944; x_wconf 87' lang='lat' dir='ltr'><strong>fuisse</strong></span> <span class='ocrx_word' id='word_1_231' title='bbox 1118 1894 1590 1958; x_wconf 75' lang='lat' dir='ltr'><strong>animadvertimuS,</strong></span> <span class='ocrx_word' id='word_1_232' title='bbox 1646 1895 1700 1943; x_wconf 92' lang='lat' dir='ltr'><strong>in</strong></span> <span class='ocrx_word' id='word_1_233' title='bbox 1747 1896 1863 1962; x_wconf 88' lang='lat' dir='ltr'><strong>jure</strong></span> <span class='ocrx_word' id='word_1_234' title='bbox 1919 1903 2090 1945; x_wconf 89' lang='lat' dir='ltr'><strong>autem</strong></span> <span class='ocrx_word' id='word_1_235' title='bbox 2126 1894 2452 1947; x_wconf 82' lang='lat' dir='ltr'><strong>Justinianeo</strong></span> <span class='ocrx_word' id='word_1_236' title='bbox 2500 1894 2609 1962; x_wconf 88' lang='lat' dir='ltr'><strong>jam</strong></span> <span class='ocrx_word' id='word_1_237' title='bbox 2643 1911 2751 1946; x_wconf 91' lang='lat' dir='ltr'><strong>non</strong></span> <span class='ocrx_word' id='word_1_238' title='bbox 2788 1901 3234 1951; x_wconf 81' lang='lat' dir='ltr'><strong>commemoratur.</strong></span> 
     </span>
     <span class='ocr_line' id='line_1_22' title="bbox 645 1979 3235 2049; baseline 0.002 -19"><span class='ocrx_word' id='word_1_239' title='bbox 645 1979 960 2045; x_wconf 89' lang='lat' dir='ltr'><strong>Remotiore,</strong></span> <span class='ocrx_word' id='word_1_240' title='bbox 999 1982 1091 2033; x_wconf 89' lang='lat' dir='ltr'><strong>sed</strong></span> <span class='ocrx_word' id='word_1_241' title='bbox 1129 1982 1281 2033; x_wconf 86' lang='lat' dir='ltr'><strong>etiam</strong></span> <span class='ocrx_word' id='word_1_242' title='bbox 1303 1981 1567 2034; x_wconf 89' lang='lat' dir='ltr'><strong>Ciceronis</strong></span> <span class='ocrx_word' id='word_1_243' title='bbox 1603 1990 1770 2033; x_wconf 90' lang='lat' dir='ltr'><strong>aetate</strong></span> <span class='ocrx_word' id='word_1_244' title='bbox 1809 2000 1964 2034; x_wconf 89' lang='lat' dir='ltr'><strong>sensu</strong></span> <span class='ocrx_word' id='word_1_245' title='bbox 2000 1982 2154 2033; x_wconf 88' lang='lat' dir='ltr'><strong>simili</strong></span> <span class='ocrx_word' id='word_1_246' title='bbox 2187 1982 2326 2034; x_wconf 91' lang='lat' dir='ltr'><strong>idem</strong></span> <span class='ocrx_word' id='word_1_247' title='bbox 2366 1983 2474 2034; x_wconf 87' lang='lat' dir='ltr'><strong>fere</strong></span> <span class='ocrx_word' id='word_1_248' title='bbox 2494 1982 2715 2046; x_wconf 79' lang='lat' dir='ltr'><strong>valebat,</strong></span> <span class='ocrx_word' id='word_1_249' title='bbox 2752 1990 2904 2049; x_wconf 78' lang='lat' dir='ltr'><strong>atque</strong></span> <span class='ocrx_word' id='word_1_250' title='bbox 2936 1982 3235 2045; x_wconf 88' lang='lat' dir='ltr'><strong>dominium,</strong></span> 
     </span>
     <span class='ocr_line' id='line_1_23' title="bbox 650 2068 3235 2137; baseline 0.002 -19"><span class='ocrx_word' id='word_1_251' title='bbox 650 2070 797 2135; x_wconf 89' lang='lat' dir='ltr'><strong>cique</strong></span> <span class='ocrx_word' id='word_1_252' title='bbox 833 2070 1091 2136; x_wconf 89' lang='lat' dir='ltr'><strong>mancipio</strong></span> <span class='ocrx_word' id='word_1_253' title='bbox 1127 2087 1500 2136; x_wconf 90' lang='lat' dir='ltr'><strong>nonnunquam</strong></span> <span class='ocrx_word' id='word_1_254' title='bbox 1539 2070 1816 2136; x_wconf 90' lang='lat' dir='ltr'><strong>opponitur</strong></span> <span class='ocrx_word' id='word_1_255' title='bbox 1852 2071 2047 2120; x_wconf 73' lang='lat' dir='ltr'><strong>fructus</strong></span> <span class='ocrx_word' id='word_1_256' title='bbox 2075 2076 2128 2120; x_wconf 91' lang='lat' dir='ltr'><strong>et</strong></span> <span class='ocrx_word' id='word_1_257' title='bbox 2145 2087 2284 2121; x_wconf 88' lang='lat' dir='ltr'><strong>usus.</strong></span> <span class='ocrx_word' id='word_1_258' title='bbox 2307 2070 2359 2137; x_wconf 81' lang='lat'><strong>⁵)</strong></span> <span class='ocrx_word' id='word_1_259' title='bbox 2414 2068 2602 2131; x_wconf 85' lang='lat' dir='ltr'><strong>Quaeri</strong></span> <span class='ocrx_word' id='word_1_260' title='bbox 2621 2077 2792 2121; x_wconf 90' lang='lat' dir='ltr'><strong>autem</strong></span> <span class='ocrx_word' id='word_1_261' title='bbox 2810 2077 2996 2137; x_wconf 82' lang='lat' dir='ltr'><strong>potest,</strong></span> <span class='ocrx_word' id='word_1_262' title='bbox 3015 2069 3235 2123; x_wconf 66' lang='lat' dir='ltr'><strong>fueritne</strong></span> 
     </span>
     <span class='ocr_line' id='line_1_24' title="bbox 649 2155 3235 2223; baseline 0.001 -19"><span class='ocrx_word' id='word_1_263' title='bbox 649 2155 911 2206; x_wconf 90' lang='lat' dir='ltr'><strong>diversum</strong></span> <span class='ocrx_word' id='word_1_264' title='bbox 966 2173 997 2204; x_wconf 91' lang='lat' dir='ltr'><strong>a</strong></span> <span class='ocrx_word' id='word_1_265' title='bbox 1050 2155 1296 2218; x_wconf 89' lang='lat' dir='ltr'><strong>domini0‚</strong></span> <span class='ocrx_word' id='word_1_266' title='bbox 1351 2156 1489 2222; x_wconf 93' lang='lat' dir='ltr'><strong>quod</strong></span> <span class='ocrx_word' id='word_1_267' title='bbox 1545 2157 1856 2207; x_wconf 90' lang='lat' dir='ltr'><strong>vocabulum</strong></span> <span class='ocrx_word' id='word_1_268' title='bbox 1910 2156 2007 2206; x_wconf 90' lang='lat' dir='ltr'><strong>hac</strong></span> <span class='ocrx_word' id='word_1_269' title='bbox 2061 2157 2242 2206; x_wconf 90' lang='lat' dir='ltr'><strong>saltem</strong></span> <span class='ocrx_word' id='word_1_270' title='bbox 2296 2156 2668 2223; x_wconf 85' lang='lat' dir='ltr'><strong>significatione</strong></span> <span class='ocrx_word' id='word_1_271' title='bbox 2704 2157 2960 2222; x_wconf 88' lang='lat' dir='ltr'><strong>posterius</strong></span> <span class='ocrx_word' id='word_1_272' title='bbox 2994 2157 3049 2206; x_wconf 93' lang='lat' dir='ltr'><strong>in</strong></span> <span class='ocrx_word' id='word_1_273' title='bbox 3083 2173 3235 2207; x_wconf 90' lang='lat' dir='ltr'><strong>usum</strong></span> 
     </span>
     <span class='ocr_line' id='line_1_25' title="bbox 646 2241 3234 2308; baseline 0.002 -17"><span class='ocrx_word' id='word_1_274' title='bbox 646 2242 804 2305; x_wconf 90' lang='lat' dir='ltr'><strong>venit,</strong></span> <span class='ocrx_word' id='word_1_275' title='bbox 844 2249 895 2292; x_wconf 88' lang='lat' dir='ltr'><strong>et</strong></span> <span class='ocrx_word' id='word_1_276' title='bbox 933 2258 1036 2307; x_wconf 88' lang='lat' dir='ltr'><strong>qua</strong></span> <span class='ocrx_word' id='word_1_277' title='bbox 1070 2242 1123 2292; x_wconf 92' lang='lat' dir='ltr'><strong>in</strong></span> <span class='ocrx_word' id='word_1_278' title='bbox 1159 2258 1215 2292; x_wconf 92' lang='lat' dir='ltr'><strong>re</strong></span> <span class='ocrx_word' id='word_1_279' title='bbox 1253 2242 1514 2293; x_wconf 90' lang='lat' dir='ltr'><strong>diversum</strong></span> <span class='ocrx_word' id='word_1_280' title='bbox 1551 2242 1720 2305; x_wconf 84' lang='lat' dir='ltr'><strong>fuerit,</strong></span> <span class='ocrx_word' id='word_1_281' title='bbox 1738 2250 1811 2293; x_wconf 70' lang='lat' dir='ltr'><strong>‘et</strong></span> <span class='ocrx_word' id='word_1_282' title='bbox 1835 2260 1960 2292; x_wconf 91' lang='lat' dir='ltr'><strong>num</strong></span> <span class='ocrx_word' id='word_1_283' title='bbox 1986 2242 2204 2293; x_wconf 86' lang='lat' dir='ltr'><strong>fortasse</strong></span> <span class='ocrx_word' id='word_1_284' title='bbox 2224 2242 2379 2293; x_wconf 90' lang='lat' dir='ltr'><strong>fuerit</strong></span> <span class='ocrx_word' id='word_1_285' title='bbox 2396 2241 2680 2293; x_wconf 91' lang='lat' dir='ltr'><strong>dominium</strong></span> <span class='ocrx_word' id='word_1_286' title='bbox 2717 2260 2783 2294; x_wconf 84' lang='lat' dir='ltr'><strong>ex</strong></span> <span class='ocrx_word' id='word_1_287' title='bbox 2811 2244 2927 2308; x_wconf 88' lang='lat' dir='ltr'><strong>jure</strong></span> <span class='ocrx_word' id='word_1_288' title='bbox 2948 2242 3234 2305; x_wconf 83' lang='lat' dir='ltr'><strong>Quiritium,</strong></span> 
     </span>
     <span class='ocr_line' id='line_1_26' title="bbox 644 2314 3234 2394; baseline 0.002 -17"><span class='ocrx_word' id='word_1_289' title='bbox 644 2327 699 2377; x_wconf 87' lang='lat' dir='ltr'><strong>id</strong></span> <span class='ocrx_word' id='word_1_290' title='bbox 736 2327 875 2394; x_wconf 91' lang='lat' dir='ltr'><strong>quod</strong></span> <span class='ocrx_word' id='word_1_291' title='bbox 913 2328 1411 2379; x_wconf 87' lang='lat' dir='ltr'><strong>verisimilitudinem</strong></span> <span class='ocrx_word' id='word_1_292' title='bbox 1448 2328 1618 2378; x_wconf 90' lang='lat' dir='ltr'><strong>habet.</strong></span> <span class='ocrx_word' id='word_1_293' title='bbox 1692 2326 1885 2389; x_wconf 89' lang='lat' dir='ltr'><strong>Quarta</strong></span> <span class='ocrx_word' id='word_1_294' title='bbox 1922 2327 2143 2393; x_wconf 92' lang='lat' dir='ltr'><strong>denique</strong></span> <span class='ocrx_word' id='word_1_295' title='bbox 2179 2314 2392 2379; x_wconf 84' lang='lat' dir='ltr'><strong>notione</strong></span> <span class='ocrx_word' id='word_1_296' title='bbox 2426 2328 2738 2394; x_wconf 89' lang='lat' dir='ltr'><strong>mancipium</strong></span> <span class='ocrx_word' id='word_1_297' title='bbox 2775 2339 2853 2379; x_wconf 88' lang='lat' dir='ltr'><strong>est</strong></span> <span class='ocrx_word' id='word_1_298' title='bbox 2889 2338 3033 2380; x_wconf 84' lang='lat' dir='ltr'><strong>actus</strong></span> <span class='ocrx_word' id='word_1_299' title='bbox 3069 2330 3234 2381; x_wconf 75' lang='lat' dir='ltr'><strong>solen.-</strong></span> 
     </span>
     <span class='ocr_line' id='line_1_27' title="bbox 645 2414 3234 2482; baseline 0.002 -19"><span class='ocrx_word' id='word_1_300' title='bbox 645 2415 742 2476; x_wconf 85' lang='lat' dir='ltr'><strong>nis,</strong></span> <span class='ocrx_word' id='word_1_301' title='bbox 797 2414 885 2479; x_wconf 90' lang='lat' dir='ltr'><strong>qui</strong></span> <span class='ocrx_word' id='word_1_302' title='bbox 918 2431 1012 2480; x_wconf 88' lang='lat' dir='ltr'><strong>per</strong></span> <span class='ocrx_word' id='word_1_303' title='bbox 1047 2431 1136 2464; x_wconf 90' lang='lat' dir='ltr'><strong>aes</strong></span> <span class='ocrx_word' id='word_1_304' title='bbox 1174 2422 1226 2465; x_wconf 89' lang='lat' dir='ltr'><strong>et</strong></span> <span class='ocrx_word' id='word_1_305' title='bbox 1258 2414 1444 2464; x_wconf 83' lang='lat' dir='ltr'><strong>libram</strong></span> <span class='ocrx_word' id='word_1_306' title='bbox 1482 2415 1676 2480; x_wconf 89' lang='lat' dir='ltr'><strong>geritur</strong></span> <span class='ocrx_word' id='word_1_307' title='bbox 1723 2432 1938 2479; x_wconf 89' lang='lat' dir='ltr'><strong>eamque</strong></span> <span class='ocrx_word' id='word_1_308' title='bbox 1987 2415 2054 2463; x_wconf 95' lang='lat' dir='ltr'><strong>ob</strong></span> <span class='ocrx_word' id='word_1_309' title='bbox 2110 2431 2318 2464; x_wconf 90' lang='lat' dir='ltr'><strong>causam</strong></span> <span class='ocrx_word' id='word_1_310' title='bbox 2373 2432 2404 2463; x_wconf 97' lang='lat' dir='ltr'><strong>a</strong></span> <span class='ocrx_word' id='word_1_311' title='bbox 2455 2415 2609 2464; x_wconf 90' lang='lat' dir='ltr'><strong>nobis</strong></span> <span class='ocrx_word' id='word_1_312' title='bbox 2662 2415 3089 2482; x_wconf 84' lang='lat' dir='ltr'><strong>contemplandus</strong></span> <span class='ocrx_word' id='word_1_313' title='bbox 3143 2422 3234 2469; x_wconf 68' lang='lat' dir='ltr'><strong>eat.</strong></span> 
     </span>
     <span class='ocr_line' id='line_1_28' title="bbox 645 2498 3234 2570; baseline 0.003 -22"><span class='ocrx_word' id='word_1_314' title='bbox 645 2498 724 2549; x_wconf 92' lang='lat' dir='ltr'><strong>Eo</strong></span> <span class='ocrx_word' id='word_1_315' title='bbox 760 2499 992 2565; x_wconf 74' lang='lat' dir='ltr'><strong>perfecto</strong></span> <span class='ocrx_word' id='word_1_316' title='bbox 1030 2508 1118 2549; x_wconf 91' lang='lat' dir='ltr'><strong>aut</strong></span> <span class='ocrx_word' id='word_1_317' title='bbox 1151 2502 1463 2567; x_wconf 87' lang='lat' dir='ltr'><strong>mancipium</strong></span> <span class='ocrx_word' id='word_1_318' title='bbox 1518 2501 1659 2565; x_wconf 90' lang='lat' dir='ltr'><strong>illud,</strong></span> <span class='ocrx_word' id='word_1_319' title='bbox 1709 2501 1846 2567; x_wconf 92' lang='lat' dir='ltr'><strong>quod</strong></span> <span class='ocrx_word' id='word_1_320' title='bbox 1884 2510 1963 2552; x_wconf 89' lang='lat' dir='ltr'><strong>est</strong></span> <span class='ocrx_word' id='word_1_321' title='bbox 1998 2501 2282 2555; x_wconf 85' lang='lat' dir='ltr'><strong>dominium</strong></span> <span class='ocrx_word' id='word_1_322' title='bbox 2319 2519 2385 2551; x_wconf 86' lang='lat' dir='ltr'><strong>ex</strong></span> <span class='ocrx_word' id='word_1_323' title='bbox 2426 2503 2542 2570; x_wconf 88' lang='lat' dir='ltr'><strong>jure</strong></span> <span class='ocrx_word' id='word_1_324' title='bbox 2580 2502 2867 2566; x_wconf 85' lang='lat' dir='ltr'><strong>Quiritium,</strong></span> <span class='ocrx_word' id='word_1_325' title='bbox 2914 2502 3234 2566; x_wconf 72' lang='lat' dir='ltr'><strong>transfertur,</strong></span> 
     </span>
     <span class='ocr_line' id='line_1_29' title="bbox 647 2587 3233 2656; baseline 0.002 -22"><span class='ocrx_word' id='word_1_326' title='bbox 647 2594 736 2635; x_wconf 91' lang='lat' dir='ltr'><strong>aut</strong></span> <span class='ocrx_word' id='word_1_327' title='bbox 770 2587 919 2636; x_wconf 88' lang='lat' dir='ltr'><strong>liberi</strong></span> <span class='ocrx_word' id='word_1_328' title='bbox 955 2587 1191 2637; x_wconf 91' lang='lat' dir='ltr'><strong>homines</strong></span> <span class='ocrx_word' id='word_1_329' title='bbox 1228 2589 1281 2636; x_wconf 93' lang='lat' dir='ltr'><strong>in</strong></span> <span class='ocrx_word' id='word_1_330' title='bbox 1317 2589 1457 2650; x_wconf 87' lang='lat' dir='ltr'><strong>illud,</strong></span> <span class='ocrx_word' id='word_1_331' title='bbox 1495 2588 1635 2654; x_wconf 94' lang='lat' dir='ltr'><strong>quod</strong></span> <span class='ocrx_word' id='word_1_332' title='bbox 1672 2597 1750 2638; x_wconf 89' lang='lat' dir='ltr'><strong>est</strong></span> <span class='ocrx_word' id='word_1_333' title='bbox 1786 2589 1931 2654; x_wconf 89' lang='lat' dir='ltr'><strong>quasi</strong></span> <span class='ocrx_word' id='word_1_334' title='bbox 1980 2589 2231 2653; x_wconf 89' lang='lat' dir='ltr'><strong>quaedam</strong></span> <span class='ocrx_word' id='word_1_335' title='bbox 2285 2590 2520 2653; x_wconf 88' lang='lat' dir='ltr'><strong>servitus,</strong></span> <span class='ocrx_word' id='word_1_336' title='bbox 2573 2590 2885 2656; x_wconf 89' lang='lat' dir='ltr'><strong>mancipium</strong></span> <span class='ocrx_word' id='word_1_337' title='bbox 2940 2589 3233 2639; x_wconf 86' lang='lat' dir='ltr'><strong>deveniunt.</strong></span> 
     </span>
     <span class='ocr_line' id='line_1_30' title="bbox 645 2672 3234 2742; baseline 0.002 -21"><span class='ocrx_word' id='word_1_338' title='bbox 645 2672 797 2737; x_wconf 90' lang='lat' dir='ltr'><strong>Isque</strong></span> <span class='ocrx_word' id='word_1_339' title='bbox 835 2681 980 2722; x_wconf 89' lang='lat' dir='ltr'><strong>actus</strong></span> <span class='ocrx_word' id='word_1_340' title='bbox 1018 2674 1246 2723; x_wconf 90' lang='lat' dir='ltr'><strong>solennis</strong></span> <span class='ocrx_word' id='word_1_341' title='bbox 1292 2676 1659 2741; x_wconf 88' lang='lat' dir='ltr'><strong>imperatorum</strong></span> <span class='ocrx_word' id='word_1_342' title='bbox 1698 2683 1880 2737; x_wconf 87' lang='lat' dir='ltr'><strong>aetate,</strong></span> <span class='ocrx_word' id='word_1_343' title='bbox 1929 2676 2070 2724; x_wconf 91' lang='lat' dir='ltr'><strong>velut</strong></span> <span class='ocrx_word' id='word_1_344' title='bbox 2107 2675 2243 2742; x_wconf 91' lang='lat' dir='ltr'><strong>apud</strong></span> <span class='ocrx_word' id='word_1_345' title='bbox 2282 2674 2467 2742; x_wconf 86' lang='lat' dir='ltr'><strong>Gajum</strong></span> <span class='ocrx_word' id='word_1_346' title='bbox 2504 2683 2555 2725; x_wconf 88' lang='lat' dir='ltr'><strong>et</strong></span> <span class='ocrx_word' id='word_1_347' title='bbox 2590 2675 2881 2742; x_wconf 88' lang='lat' dir='ltr'><strong>Ulpianum,</strong></span> <span class='ocrx_word' id='word_1_348' title='bbox 2934 2676 3234 2742; x_wconf 88' lang='lat' dir='ltr'><strong>plerumque</strong></span> 
     </span>
     <span class='ocr_line' id='line_1_31' title="bbox 647 2759 3235 2829; baseline 0.002 -22"><span class='ocrx_word' id='word_1_349' title='bbox 647 2759 734 2807; x_wconf 90' lang='lat' dir='ltr'><strong>vel</strong></span> <span class='ocrx_word' id='word_1_350' title='bbox 766 2760 916 2809; x_wconf 94' lang='lat' dir='ltr'><strong>unice</strong></span> <span class='ocrx_word' id='word_1_351' title='bbox 954 2761 1241 2827; x_wconf 88' lang='lat' dir='ltr'><strong>appellatur</strong></span> <span class='ocrx_word' id='word_1_352' title='bbox 1275 2762 1600 2828; x_wconf 87' lang='lat' dir='ltr'><strong>mancipatio.</strong></span> <span class='ocrx_word' id='word_1_353' title='bbox 1671 2760 1802 2811; x_wconf 90' lang='lat' dir='ltr'><strong>Nam</strong></span> <span class='ocrx_word' id='word_1_354' title='bbox 1839 2762 2150 2828; x_wconf 87' lang='lat' dir='ltr'><strong>mancipium</strong></span> <span class='ocrx_word' id='word_1_355' title='bbox 2187 2761 2287 2812; x_wconf 90' lang='lat' dir='ltr'><strong>hoc</strong></span> <span class='ocrx_word' id='word_1_356' title='bbox 2323 2762 2451 2811; x_wconf 91' lang='lat' dir='ltr'><strong>nihil</strong></span> <span class='ocrx_word' id='word_1_357' title='bbox 2488 2761 2625 2812; x_wconf 89' lang='lat' dir='ltr'><strong>aliud</strong></span> <span class='ocrx_word' id='word_1_358' title='bbox 2663 2771 2755 2826; x_wconf 91' lang='lat' dir='ltr'><strong>est,</strong></span> <span class='ocrx_word' id='word_1_359' title='bbox 2793 2780 2947 2829; x_wconf 91' lang='lat' dir='ltr'><strong>quam</strong></span> <span class='ocrx_word' id='word_1_360' title='bbox 2983 2762 3235 2813; x_wconf 87' lang='lat' dir='ltr'><strong>vetustior</strong></span> 
     </span>
     <span class='ocr_line' id='line_1_32' title="bbox 576 2840 3232 2916; baseline 0.002 -21"><span class='ocrx_word' id='word_1_361' title='bbox 576 2895 586 2906; x_wconf 78' lang='grc'><em>,</em></span> <span class='ocrx_word' id='word_1_362' title='bbox 646 2845 816 2896; x_wconf 84' lang='lat' dir='ltr'><strong>forma</strong></span> <span class='ocrx_word' id='word_1_363' title='bbox 864 2847 1108 2898; x_wconf 90' lang='lat' dir='ltr'><strong>vocabuli</strong></span> <span class='ocrx_word' id='word_1_364' title='bbox 1159 2849 1564 2916; x_wconf 87' lang='lat' dir='ltr'><strong>mancipationis.</strong></span> <span class='ocrx_word' id='word_1_365' title='bbox 1589 2849 1639 2914; x_wconf 67' lang='grc' dir='ltr'><strong>ὅ)</strong></span> <span class='ocrx_word' id='word_1_366' title='bbox 1727 2848 1787 2899; x_wconf 92' lang='lat' dir='ltr'><strong>Id</strong></span> <span class='ocrx_word' id='word_1_367' title='bbox 1840 2849 2152 2915; x_wconf 87' lang='lat' dir='ltr'><strong>mancipium</strong></span> <span class='ocrx_word' id='word_1_368' title='bbox 2204 2856 2347 2916; x_wconf 91' lang='lat' dir='ltr'><strong>patet</strong></span> <span class='ocrx_word' id='word_1_369' title='bbox 2398 2856 2506 2900; x_wconf 90' lang='lat' dir='ltr'><strong>tam</strong></span> <span class='ocrx_word' id='word_1_370' title='bbox 2540 2848 2749 2901; x_wconf 85' lang='lat' dir='ltr'><strong>Manilio</strong></span> <span class='ocrx_word' id='word_1_371' title='bbox 2797 2858 2849 2900; x_wconf 92' lang='lat' dir='ltr'><strong>et</strong></span> <span class='ocrx_word' id='word_1_372' title='bbox 2896 2840 3066 2901; x_wconf 74' lang='lat' dir='ltr'><strong>Muci&#39;o</strong></span> <span class='ocrx_word' id='word_1_373' title='bbox 3115 2857 3232 2900; x_wconf 87' lang='lat' dir='ltr'><strong>ante</strong></span> 
     </span>
     <span class='ocr_line' id='line_1_33' title="bbox 647 2933 3235 3005; baseline 0.003 -23"><span class='ocrx_word' id='word_1_374' title='bbox 647 2933 828 2988; x_wconf 77' lang='lat' dir='ltr'><strong>oculos</strong></span> <span class='ocrx_word' id='word_1_375' title='bbox 863 2934 1037 2997; x_wconf 82' lang='lat' dir='ltr'><strong>fuisse,</strong></span> <span class='ocrx_word' id='word_1_376' title='bbox 1074 2951 1227 3001; x_wconf 90' lang='lat' dir='ltr'><strong>quam</strong></span> <span class='ocrx_word' id='word_1_377' title='bbox 1262 2936 1314 2985; x_wconf 91' lang='lat' dir='ltr'><strong>in</strong></span> <span class='ocrx_word' id='word_1_378' title='bbox 1343 2936 1457 3003; x_wconf 87' lang='lat' dir='ltr'><strong>lege</strong></span> <span class='ocrx_word' id='word_1_379' title='bbox 1493 2935 1607 2988; x_wconf 89' lang='lat' dir='ltr'><strong>XII.</strong></span> <span class='ocrx_word' id='word_1_380' title='bbox 1643 2935 1936 2986; x_wconf 87' lang='lat' dir='ltr'><strong>tabularum</strong></span> <span class='ocrx_word' id='word_1_381' title='bbox 1972 2936 2363 3003; x_wconf 90' lang='lat' dir='ltr'><strong>intelligendum</strong></span> <span class='ocrx_word' id='word_1_382' title='bbox 2412 2954 2539 2988; x_wconf 90' lang='lat' dir='ltr'><strong>esse.</strong></span> <span class='ocrx_word' id='word_1_383' title='bbox 2626 2936 2770 2988; x_wconf 89' lang='lat' dir='ltr'><strong>Haec</strong></span> <span class='ocrx_word' id='word_1_384' title='bbox 2823 2936 3004 2986; x_wconf 88' lang='lat' dir='ltr'><strong>ultima</strong></span> <span class='ocrx_word' id='word_1_385' title='bbox 3054 2938 3235 3005; x_wconf 83' lang='lat' dir='ltr'><strong>procul</strong></span> 
     </span>
     <span class='ocr_line' id='line_1_34' title="bbox 646 3015 3233 3090; baseline 0.001 -19"><span class='ocrx_word' id='word_1_386' title='bbox 646 3021 803 3071; x_wconf 92' lang='lat' dir='ltr'><strong>dubio</strong></span> <span class='ocrx_word' id='word_1_387' title='bbox 840 3022 1009 3088; x_wconf 88' lang='lat' dir='ltr'><strong>prima</strong></span> <span class='ocrx_word' id='word_1_388' title='bbox 1043 3029 1123 3073; x_wconf 89' lang='lat' dir='ltr'><strong>est</strong></span> <span class='ocrx_word' id='word_1_389' title='bbox 1157 3023 1396 3089; x_wconf 86' lang='lat' dir='ltr'><strong>mancipii</strong></span> <span class='ocrx_word' id='word_1_390' title='bbox 1431 3015 1750 3090; x_wconf 86' lang='lat' dir='ltr'><strong>significatio.</strong></span> <span class='ocrx_word' id='word_1_391' title='bbox 1839 3021 1970 3072; x_wconf 90' lang='lat' dir='ltr'><strong>Nam</strong></span> <span class='ocrx_word' id='word_1_392' title='bbox 2008 3025 2051 3073; x_wconf 90' lang='lat' dir='ltr'><strong>si</strong></span> <span class='ocrx_word' id='word_1_393' title='bbox 2094 3042 2198 3074; x_wconf 88' lang='lat' dir='ltr'><strong>uno</strong></span> <span class='ocrx_word' id='word_1_394' title='bbox 2236 3025 2491 3074; x_wconf 89' lang='lat' dir='ltr'><strong>vocabulo</strong></span> <span class='ocrx_word' id='word_1_395' title='bbox 2530 3033 2581 3076; x_wconf 91' lang='lat' dir='ltr'><strong>et</strong></span> <span class='ocrx_word' id='word_1_396' title='bbox 2616 3025 2750 3074; x_wconf 91' lang='lat' dir='ltr'><strong>actio</strong></span> <span class='ocrx_word' id='word_1_397' title='bbox 2788 3023 3038 3090; x_wconf 82' lang='lat' dir='ltr'><strong>quaedam</strong></span> <span class='ocrx_word' id='word_1_398' title='bbox 3078 3032 3129 3076; x_wconf 85' lang='lat' dir='ltr'><strong>et</strong></span> <span class='ocrx_word' id='word_1_399' title='bbox 3163 3024 3233 3088; x_wconf 73' lang='lat' dir='ltr'><strong>id,</strong></span> 
     </span>
     <span class='ocr_line' id='line_1_35' title="bbox 646 3109 3233 3178; baseline 0.001 -20"><span class='ocrx_word' id='word_1_400' title='bbox 646 3109 785 3176; x_wconf 91' lang='lat' dir='ltr'><strong>quod</strong></span> <span class='ocrx_word' id='word_1_401' title='bbox 822 3109 1027 3158; x_wconf 88' lang='lat' dir='ltr'><strong>actione</strong></span> <span class='ocrx_word' id='word_1_402' title='bbox 1065 3109 1298 3171; x_wconf 85' lang='lat' dir='ltr'><strong>efficitur,</strong></span> <span class='ocrx_word' id='word_1_403' title='bbox 1337 3109 1647 3177; x_wconf 88' lang='lat' dir='ltr'><strong>designatur,</strong></span> <span class='ocrx_word' id='word_1_404' title='bbox 1703 3111 1792 3158; x_wconf 91' lang='lat' dir='ltr'><strong>illa</strong></span> <span class='ocrx_word' id='word_1_405' title='bbox 1827 3111 2149 3176; x_wconf 87' lang='lat' dir='ltr'><strong>significatio,</strong></span> <span class='ocrx_word' id='word_1_406' title='bbox 2203 3120 2261 3162; x_wconf 88' lang='lat' dir='ltr'><strong>ut</strong></span> <span class='ocrx_word' id='word_1_407' title='bbox 2312 3113 2426 3178; x_wconf 88' lang='lat' dir='ltr'><strong>ipsa</strong></span> <span class='ocrx_word' id='word_1_408' title='bbox 2478 3113 2611 3162; x_wconf 90' lang='lat' dir='ltr'><strong>actio</strong></span> <span class='ocrx_word' id='word_1_409' title='bbox 2668 3111 2906 3172; x_wconf 83' lang='lat' dir='ltr'><strong>effectum</strong></span> <span class='ocrx_word' id='word_1_410' title='bbox 2957 3110 3233 3177; x_wconf 84' lang='lat' dir='ltr'><strong>praecedit,</strong></span> 
     </span>
     <span class='ocr_line' id='line_1_36' title="bbox 645 3194 3234 3264; baseline 0 -17"><span class='ocrx_word' id='word_1_411' title='bbox 645 3197 820 3263; x_wconf 87' lang='lat' dir='ltr'><strong>utique</strong></span> <span class='ocrx_word' id='word_1_412' title='bbox 857 3197 999 3264; x_wconf 90' lang='lat' dir='ltr'><strong>prior</strong></span> <span class='ocrx_word' id='word_1_413' title='bbox 1037 3204 1130 3258; x_wconf 90' lang='lat' dir='ltr'><strong>est,</strong></span> <span class='ocrx_word' id='word_1_414' title='bbox 1169 3212 1326 3262; x_wconf 90' lang='lat' dir='ltr'><strong>quum</strong></span> <span class='ocrx_word' id='word_1_415' title='bbox 1361 3197 1567 3262; x_wconf 89' lang='lat' dir='ltr'><strong>propria</strong></span> <span class='ocrx_word' id='word_1_416' title='bbox 1603 3197 1683 3259; x_wconf 89' lang='lat' dir='ltr'><strong>sit,</strong></span> <span class='ocrx_word' id='word_1_417' title='bbox 1722 3196 1882 3247; x_wconf 86' lang='lat' dir='ltr'><strong>altera</strong></span> <span class='ocrx_word' id='word_1_418' title='bbox 1917 3197 2179 3247; x_wconf 84' lang='lat' dir='ltr'><strong>translata.</strong></span> <span class='ocrx_word' id='word_1_419' title='bbox 2204 3198 2254 3263; x_wconf 81' lang='lat'><strong>⁷)</strong></span> <span class='ocrx_word' id='word_1_420' title='bbox 2345 3194 2511 3258; x_wconf 85' lang='lat' dir='ltr'><strong>Quam</strong></span> <span class='ocrx_word' id='word_1_421' title='bbox 2565 3196 2634 3246; x_wconf 92' lang='lat' dir='ltr'><strong>ob</strong></span> <span class='ocrx_word' id='word_1_422' title='bbox 2682 3214 2889 3247; x_wconf 85' lang='lat' dir='ltr'><strong>causam</strong></span> <span class='ocrx_word' id='word_1_423' title='bbox 2925 3197 3167 3263; x_wconf 89' lang='lat' dir='ltr'><strong>quoniam</strong></span> <span class='ocrx_word' id='word_1_424' title='bbox 3202 3214 3234 3247; x_wconf 78' lang='lat' dir='ltr'><strong>a</strong></span> 
     </span>
     <span class='ocr_line' id='line_1_37' title="bbox 644 3282 3233 3351; baseline 0 -18"><span class='ocrx_word' id='word_1_425' title='bbox 644 3300 802 3333; x_wconf 87' lang='lat' dir='ltr'><strong>manu</strong></span> <span class='ocrx_word' id='word_1_426' title='bbox 838 3292 890 3333; x_wconf 90' lang='lat' dir='ltr'><strong>et</strong></span> <span class='ocrx_word' id='word_1_427' title='bbox 927 3282 1179 3351; x_wconf 88' lang='lat' dir='ltr'><strong>capiendo</strong></span> <span class='ocrx_word' id='word_1_428' title='bbox 1216 3283 1526 3351; x_wconf 89' lang='lat' dir='ltr'><strong>mancipium</strong></span> <span class='ocrx_word' id='word_1_429' title='bbox 1564 3291 1642 3334; x_wconf 88' lang='lat' dir='ltr'><strong>cst</strong></span> <span class='ocrx_word' id='word_1_430' title='bbox 1679 3283 2006 3351; x_wconf 86' lang='lat' dir='ltr'><strong>appellatum,</strong></span> <span class='ocrx_word' id='word_1_431' title='bbox 2044 3283 2256 3336; x_wconf 91' lang='lat' dir='ltr'><strong>dubium</strong></span> <span class='ocrx_word' id='word_1_432' title='bbox 2291 3300 2400 3335; x_wconf 91' lang='lat' dir='ltr'><strong>non</strong></span> <span class='ocrx_word' id='word_1_433' title='bbox 2437 3290 2533 3349; x_wconf 89' lang='lat' dir='ltr'><strong>est,</strong></span> <span class='ocrx_word' id='word_1_434' title='bbox 2575 3282 2697 3348; x_wconf 88' lang='lat' dir='ltr'><strong>quin</strong></span> <span class='ocrx_word' id='word_1_435' title='bbox 2733 3283 2883 3346; x_wconf 65' lang='lat' dir='ltr'><strong>actm,</strong></span> <span class='ocrx_word' id='word_1_436' title='bbox 2939 3302 3040 3350; x_wconf 88' lang='lat' dir='ltr'><strong>qua</strong></span> <span class='ocrx_word' id='word_1_437' title='bbox 3076 3301 3233 3334; x_wconf 87' lang='lat' dir='ltr'><strong>manu</strong></span> 
     </span>
    </p>
   </div>
   <div class='ocr_carea' id='block_1_3' title="bbox 852 3426 2866 3612">
    <p class='ocr_par' dir='ltr' id='par_1_3' title="bbox 852 3426 2866 3612">
     <span class='ocr_line' id='line_1_38' title="bbox 853 3426 2706 3476; baseline 0.002 -13"><span class='ocrx_word' id='word_1_438' title='bbox 853 3431 882 3473; x_wconf 78' lang='lat'><strong>⁶)</strong></span> <span class='ocrx_word' id='word_1_439' title='bbox 908 3432 968 3463; x_wconf 77' lang='lat' dir='ltr'><strong>cic</strong></span> <span class='ocrx_word' id='word_1_440' title='bbox 1006 3433 1085 3464; x_wconf 82' lang='lat' dir='ltr'><strong>vu.</strong></span> <span class='ocrx_word' id='word_1_441' title='bbox 1114 3429 1173 3464; x_wconf 68' lang='lat'><strong>29.</strong></span> <span class='ocrx_word' id='word_1_442' title='bbox 1228 3432 1372 3464; x_wconf 75' lang='lat' dir='ltr'><strong>Luci-et.</strong></span> <span class='ocrx_word' id='word_1_443' title='bbox 1404 3431 1466 3464; x_wconf 78' lang='lat'><strong>111.</strong></span> <span class='ocrx_word' id='word_1_444' title='bbox 1493 3428 1579 3466; x_wconf 77' lang='grc'><strong>984.</strong></span> <span class='ocrx_word' id='word_1_445' title='bbox 1633 3432 1704 3467; x_wconf 85' lang='lat' dir='ltr'><strong>cic.</strong></span> <span class='ocrx_word' id='word_1_446' title='bbox 1733 3432 1889 3476; x_wconf 71' lang='lat' dir='ltr'><strong>flou-usp.</strong></span> <span class='ocrx_word' id='word_1_447' title='bbox 1917 3429 1952 3466; x_wconf 90' lang='grc'><strong>7.</strong></span> <span class='ocrx_word' id='word_1_448' title='bbox 1982 3431 2025 3467; x_wconf 74' lang='lat' dir='ltr'><strong>ad</strong></span> <span class='ocrx_word' id='word_1_449' title='bbox 2053 3430 2128 3467; x_wconf 74' lang='lat' dir='ltr'><strong>Au.</strong></span> <span class='ocrx_word' id='word_1_450' title='bbox 2157 3430 2254 3467; x_wconf 81' lang='lat' dir='ltr'><strong>Vffl.</strong></span> <span class='ocrx_word' id='word_1_451' title='bbox 2287 3428 2343 3466; x_wconf 88' lang='grc' dir='ltr'><strong>ΙΙ.</strong></span> <span class='ocrx_word' id='word_1_452' title='bbox 2401 3429 2484 3466; x_wconf 84' lang='lat' dir='ltr'><strong>Sen.</strong></span> <span class='ocrx_word' id='word_1_453' title='bbox 2514 3430 2617 3475; x_wconf 83' lang='lat' dir='ltr'><strong>epist.</strong></span> <span class='ocrx_word' id='word_1_454' title='bbox 2645 3426 2706 3467; x_wconf 86' lang='lat'><strong>75.</strong></span> 
     </span>
     <span class='ocr_line' id='line_1_39' title="bbox 852 3497 2866 3544; baseline 0.002 -13"><span class='ocrx_word' id='word_1_455' title='bbox 852 3497 881 3540; x_wconf 79' lang='lat'><strong>⁶)</strong></span> <span class='ocrx_word' id='word_1_456' title='bbox 906 3501 1122 3540; x_wconf 79' lang='lat' dir='ltr'><strong>Mancipium</strong></span> <span class='ocrx_word' id='word_1_457' title='bbox 1150 3502 1224 3532; x_wconf 81' lang='lat' dir='ltr'><strong>sive</strong></span> <span class='ocrx_word' id='word_1_458' title='bbox 1252 3501 1468 3541; x_wconf 71' lang='lat' dir='ltr'><strong>mancipatio</strong></span> <span class='ocrx_word' id='word_1_459' title='bbox 1495 3501 1621 3532; x_wconf 80' lang='lat' dir='ltr'><strong>dicitur</strong></span> <span class='ocrx_word' id='word_1_460' title='bbox 1647 3503 1751 3534; x_wconf 72' lang='lat' dir='ltr'><strong>etiam</strong></span> <span class='ocrx_word' id='word_1_461' title='bbox 1780 3501 1958 3534; x_wconf 81' lang='lat' dir='ltr'><strong>interdum</strong></span> <span class='ocrx_word' id='word_1_462' title='bbox 1987 3500 2222 3544; x_wconf 72' lang='lat' dir='ltr'><strong>mancipatus,</strong></span> <span class='ocrx_word' id='word_1_463' title='bbox 2251 3503 2290 3534; x_wconf 79' lang='lat' dir='ltr'><strong>ut</strong></span> <span class='ocrx_word' id='word_1_464' title='bbox 2317 3499 2411 3542; x_wconf 75' lang='lat' dir='ltr'><strong>apud</strong></span> <span class='ocrx_word' id='word_1_465' title='bbox 2438 3498 2529 3533; x_wconf 68' lang='lat' dir='ltr'><strong>Ptin.</strong></span> <span class='ocrx_word' id='word_1_466' title='bbox 2573 3498 2617 3533; x_wconf 79' lang='lat' dir='ltr'><strong>fl.</strong></span> <span class='ocrx_word' id='word_1_467' title='bbox 2645 3499 2687 3535; x_wconf 85' lang='lat' dir='ltr'><strong>N.</strong></span> <span class='ocrx_word' id='word_1_468' title='bbox 2716 3499 2778 3536; x_wconf 82' lang='lat' dir='ltr'><strong>lx.</strong></span> <span class='ocrx_word' id='word_1_469' title='bbox 2807 3497 2866 3535; x_wconf 82' lang='grc'><strong>35.</strong></span> 
     </span>
     <span class='ocr_line' id='line_1_40' title="bbox 853 3565 2183 3612; baseline 0.002 -13"><span class='ocrx_word' id='word_1_470' title='bbox 853 3565 880 3607; x_wconf 86' lang='lat'><strong>⁷)</strong></span> <span class='ocrx_word' id='word_1_471' title='bbox 910 3568 1044 3600; x_wconf 83' lang='lat' dir='ltr'><strong>Similis</strong></span> <span class='ocrx_word' id='word_1_472' title='bbox 1072 3570 1158 3601; x_wconf 71' lang='lat' dir='ltr'><strong>ratio</strong></span> <span class='ocrx_word' id='word_1_473' title='bbox 1186 3573 1242 3601; x_wconf 76' lang='lat' dir='ltr'><strong>est</strong></span> <span class='ocrx_word' id='word_1_474' title='bbox 1269 3569 1423 3609; x_wconf 81' lang='lat' dir='ltr'><strong>exempli</strong></span> <span class='ocrx_word' id='word_1_475' title='bbox 1449 3569 1560 3609; x_wconf 78' lang='lat' dir='ltr'><strong>gratia</strong></span> <span class='ocrx_word' id='word_1_476' title='bbox 1588 3569 1622 3600; x_wconf 90' lang='lat' dir='ltr'><strong>in</strong></span> <span class='ocrx_word' id='word_1_477' title='bbox 1650 3571 1767 3602; x_wconf 80' lang='lat' dir='ltr'><strong>verbis</strong></span> <span class='ocrx_word' id='word_1_478' title='bbox 1795 3570 1934 3612; x_wconf 73' lang='lat' dir='ltr'><strong>aucupii</strong></span> <span class='ocrx_word' id='word_1_479' title='bbox 1963 3573 1998 3602; x_wconf 78' lang='lat' dir='ltr'><strong>et</strong></span> <span class='ocrx_word' id='word_1_480' title='bbox 2023 3569 2183 3612; x_wconf 74' lang='lat' dir='ltr'><strong>auspicii.</strong></span> 
     </span>
    </p>
   </div>
  </div>
 </body>
</html>
