3461 4168
1401 125 1462 170 41

149 295 227 342 eo,
248 279 385 346 quod
405 287 456 327 et
471 285 848 341 testamentum,
886 279 1022 345 quod
1053 296 1144 345 per
1163 295 1250 327 aes
1289 287 1340 326 et
1374 279 1570 342 libram,
1609 288 1660 328 et
1695 280 1895 342 solutio,
1934 296 2063 346 quae
2101 281 2172 329 ita
2191 283 2485 347 appellatur,
2524 283 2709 333 eadem

148 365 409 415 habebant
444 365 687 427 solennia,
725 365 862 431 quod
898 365 1116 431 Ulpiano
1155 363 1285 429 (XX.
1330 365 1381 430 2)
1419 381 1508 431 per
1543 366 1971 431 mancipationem
2006 366 2119 415 fieri
2170 367 2304 415 idem
2360 376 2449 430 est,
2505 385 2562 418 ac
2616 385 2711 436 per

151 469 238 502 aes
259 460 309 502 et
337 452 519 502 libram
554 452 679 515 fieri,
717 452 852 519 quod
889 453 999 519 ipsa
1035 451 1341 517 mancipatio
1378 469 1514 502 nexu
1549 452 1771 514 traditio,
1809 452 2025 519 denique
2062 470 2155 520 pro
2195 453 2372 503 eadem
2407 472 2497 520 per
2535 474 2618 507 aes
2657 463 2710 508 et

148 541 331 589 libram
369 542 583 590 mercari
620 541 894 590 dicebatur.
918 540 1003 605 3⁵)
1076 536 1262 588 Omnia
1299 558 1418 606 ergo
1457 560 1547 606 per
1583 560 1668 591 aes
1706 549 1757 590 et
1790 541 1971 590 libram
2010 550 2136 603 acta,
2173 542 2226 590 in
2262 542 2322 591 iis
2352 544 2522 591 omnia
2556 563 2707 603 nexa,

151 630 370 695 quinque
424 630 639 677 testibus
692 630 867 695 populi
920 629 971 675 in
1027 627 1214 675 classes
1268 627 1416 675 divisi
1468 630 1630 677 vicem
1685 629 2031 678 obtinentibus
2086 640 2136 678 et
2188 629 2471 695 libripende
2524 633 2707 681 libram

148 723 355 767 tenente
393 717 745 783 praesentibus
781 716 1169 783 peragebantur,
1206 716 1257 763 in
1286 731 1445 781 eoque
1477 725 1589 766 actu
1619 715 1846 765 omnium
1866 718 2084 767 maxime
2106 719 2242 767 civili
2279 726 2329 767 et
2364 726 2604 784 tanquam
2642 721 2705 770 ab

100 803 116 818 ”
150 801 262 868 ipso
299 802 490 867 populo
529 802 827 852 confirmato
867 809 917 851 et
951 802 1147 852 munito
1186 802 1344 851 altera
1379 818 1494 867 pars
1531 809 1667 852 certa
1705 801 1955 866 quaedam
1992 804 2319 869 solenniaque
2351 804 2509 853 verba
2538 805 2709 855 locuta

151 906 263 938 asse
301 889 383 937 vel
429 889 675 953 particula
710 889 841 938 aeris
876 888 1057 937 libram
1093 888 1409 954 percutiebat
1443 888 1590 953 idque
1628 906 1714 937 aes
1751 888 1895 936 alteri
1942 890 2070 953 parti
2123 890 2291 952 dabat,
2346 890 2397 938 in
2453 891 2707 956 mancipio

150 976 294 1042 quasi
331 976 477 1042 pretii
512 977 643 1040 loco,
696 977 749 1026 in
792 976 914 1026 nexi
949 976 1249 1026 liberatione
1286 984 1526 1042 tanquam
1563 974 1796 1027 solvendi
1833 992 1997 1025 causa.
2085 976 2142 1026 Id
2194 977 2555 1028 raudusculum
2606 995 2707 1045 quo

150 1064 362 1114 consilio
401 1064 634 1115 dederint
669 1064 722 1113 in
759 1081 819 1113 eo
856 1080 1008 1126 nexo,
1063 1063 1200 1130 quod
1248 1081 1402 1129 quum
1445 1081 1607 1129 neque
1654 1064 1964 1129 mancipium
2004 1073 2136 1114 esset
2171 1083 2263 1115 nec
2299 1066 2531 1116 liberatio
2569 1067 2706 1129 nexi,

149 1152 368 1217 proprie,
406 1152 646 1217 quoniam
683 1150 746 1200 de
784 1168 844 1200 eo
881 1168 972 1217 per
1019 1169 1105 1201 aes
1154 1159 1204 1201 et
1247 1151 1428 1199 libram
1471 1152 1795 1214 liberabatur,
1849 1168 2039 1200 nexum
2077 1151 2313 1214 dicemus,
2357 1153 2566 1203 dubium
2596 1155 2705 1219 jam

150 1256 262 1289 esse
298 1240 488 1306 nequit,
539 1256 600 1288 eo
638 1238 841 1302 scilicet,
889 1246 959 1302 ut,
1003 1239 1087 1305 qui
1131 1238 1300 1301 dabat,
1355 1239 1566 1288 alterum
1612 1238 1938 1306 obligationis
1974 1239 2181 1288 vinculo
2220 1240 2313 1289 sibi
2351 1241 2705 1308 obstringeret.

149 1327 303 1396 Cujus
341 1327 543 1394 quidem
584 1327 907 1395 obligationis
945 1343 1058 1376 eam
1093 1327 1248 1376 fuisse
1286 1326 1626 1376 intelleximus
1663 1326 1890 1376 indolem
1944 1334 2361 1393 potestatemque,
2416 1338 2472 1377 ut
2518 1329 2589 1377 illi
2640 1346 2707 1378 ex

150 1433 303 1466 causa
332 1414 544 1482 judicati
579 1432 671 1482 par
706 1414 992 1465 haberetur.

1356 1697 1383 1764 ξ
1424 1700 1499 1748 17.

368 1845 508 1907 Quae
546 1864 699 1912 quum
736 1847 808 1897 ita
844 1848 957 1910 sint,
1012 1838 1265 1913 quum'de
1302 1847 1412 1912 ipso
1449 1864 1597 1909 nexo,
1653 1847 1791 1913 quod
1844 1865 1965 1899 vere
2020 1847 2214 1909 dicitur,
2269 1865 2522 1913 perpauca
2572 1849 2706 1915 apud

153 1943 353 1985 veteres
389 1941 604 1984 tractata
637 1935 964 1999 reperiamus,
1020 1952 1204 2000 operae
1251 1934 1468 1999 pretium
1506 1951 1614 1983 esse
1650 1935 1867 1997 videtur,
1916 1936 2134 2001 primum
2170 1936 2468 1999 inquirendo
2506 1937 2556 1984 in
2604 1938 2705 1998 illa,

156 2022 219 2071 de
256 2022 439 2086 quibus
476 2022 757 2086 pleniorem
792 2022 1023 2071 notitiam
1060 2023 1323 2083 habemus,
1370 2030 1476 2070 tum
1523 2021 1584 2070 de
1619 2031 1802 2072 natura
1836 2041 1928 2088 per
1964 2022 2341 2072 damnationem
2376 2023 2544 2087 legati,
2597 2033 2706 2073 tum

157 2109 221 2158 de
259 2110 381 2157 nexi
408 2109 709 2157 liberatione
751 2110 856 2157 sive
894 2109 1145 2157 solutione
1182 2126 1273 2173 per
1310 2126 1395 2157 aes
1434 2117 1483 2157 et
1516 2109 1712 2170 libram,
1749 2118 1857 2158 tum
1894 2128 2017 2159 vero
2055 2109 2118 2158 de
2142 2109 2354 2174 judicati
2393 2128 2545 2158 causa
2582 2111 2705 2158 anti-

155 2197 409 2262 quissimis
446 2197 761 2262 temporibus
799 2195 917 2261 quid
954 2195 1278 2245 statuendum
1314 2196 1582 2257 videretur,
1619 2196 1857 2246 indicare.
1930 2195 2092 2262 Supra
2129 2197 2408 2262 suspicatus
2446 2214 2572 2258 sum,
2621 2214 2705 2247 an-

153 2286 363 2350 tiquitus
399 2286 451 2333 in
487 2285 654 2351 legato
692 2285 778 2333 illo
814 2303 1022 2334 necesse
1059 2285 1215 2333 fuisse
1252 2293 1464 2333 testator
1501 2284 1669 2333 verbis
1716 2284 1836 2334 dare
1884 2285 2094 2333 damnas
2144 2294 2251 2334 esto
2300 2294 2537 2333 uteretur.
2625 2284 2702 2334 De

152 2373 252 2423 hoc
288 2374 457 2440 legato
495 2391 585 2439 per
616 2373 995 2422 damnationem
1030 2374 1206 2422 relicto
1246 2373 1483 2421 heredem
1527 2373 1823 2438 imaginaria
1859 2373 2109 2421 solutione
2157 2391 2246 2438 per
2294 2391 2379 2421 aes
2425 2382 2475 2420 et
2520 2373 2704 2422 libram

153 2461 359 2509 liberari
394 2460 694 2509 nominatim
733 2459 888 2526 Gajus
925 2460 1058 2509 dicit.
1147 2459 1341 2520 Quibus
1389 2460 1586 2522 indicat,
1640 2460 1702 2508 de
1738 2461 1906 2525 legato
1946 2460 2142 2509 sinendi
2177 2460 2349 2521 modo,
2406 2461 2499 2508 etsi
2554 2468 2706 2508 testa-

152 2555 327 2597 mento
364 2564 455 2613 per
491 2564 577 2596 aes
615 2555 665 2596 et
698 2547 882 2596 libram
916 2548 1108 2609 relicto,
1146 2547 1245 2596 hoc
1283 2547 1437 2596 modo
1473 2548 1673 2596 liberari
1704 2565 1808 2596 non
1846 2564 2009 2613 posse.
2064 2545 2169 2595 Nec
2206 2547 2416 2611 hujusce
2449 2548 2521 2595 rei
2553 2564 2708 2596 causa

153 2651 265 2684 esse
304 2642 488 2700 potest,
528 2635 670 2699 quasi
707 2634 856 2683 heres
893 2634 1160 2683 damnatus
1196 2652 1301 2683 non
1340 2636 1416 2696 sit,
1472 2652 1619 2700 quum
1658 2634 1855 2683 sinendi
1908 2634 2062 2683 modo
2117 2635 2189 2683 ita
2240 2635 2468 2699 legetur:
2541 2633 2705 2683 Heres

150 2738 295 2769 meus
333 2720 543 2770 damnas
581 2727 689 2769 esto
728 2721 906 2769 sinere.
986 2721 1102 2768 Alia
1136 2722 1290 2787 igitur
1324 2723 1453 2770 ratio
1492 2721 1776 2787 quaerenda
1813 2730 1902 2783 est,
1968 2739 2179 2787 eamque
2217 2722 2324 2787 ipse
2363 2720 2517 2786 Gajus
2556 2722 2705 2786 signi-

149 2809 271 2859 ficat
306 2808 766 2859 circumscribendo
804 2826 950 2857 usum
989 2809 1255 2858 solutionis
1292 2827 1384 2876 per
1420 2827 1505 2859 aes
1542 2817 1589 2858 et
1623 2810 1802 2858 libram
1839 2810 1889 2857 in
1926 2809 2037 2875 ipso
2082 2810 2253 2876 legato
2298 2827 2389 2875 per
2426 2809 2704 2857 damnatio-

150 2913 270 2946 nem
322 2897 498 2946 relicto
555 2913 630 2958 eo,
684 2903 741 2944 ut
796 2895 944 2958 dicat,
1000 2896 1061 2945 de
1117 2914 1177 2945 eo
1231 2905 1428 2946 tantum
1465 2913 1611 2963 posse
1648 2896 1744 2944 hoc
1798 2896 1952 2944 modo
2009 2896 2230 2958 liberari,
2288 2896 2424 2961 quod
2460 2895 2700 2961 pondere,

150 3001 366 3035 numero
405 2992 605 3035 constet
641 2992 691 3033 et
725 2983 810 3046 ita,
848 2983 889 3033 si
927 2991 1118 3033 certum
1157 2985 1233 3035 sit.
1316 2985 1560 3052 Adjungit
1596 2983 1839 3050 quosdam
1877 2984 2030 3033 etiam
2067 2983 2129 3033 de
2169 3001 2245 3045 eo,
2295 2982 2430 3049 quod
2465 2999 2700 3031 mensura

152 3078 365 3133 constat,
402 3072 537 3121 idem
576 3072 877 3121 existimare.
950 3069 1159 3119 Sinendi
1195 3073 1349 3122 modo
1389 3074 1520 3121 enim
1556 3072 1800 3119 incertum
1838 3071 2152 3136 relinquitur,
2201 3071 2315 3136 quia
2352 3087 2514 3130 omne,
2563 3067 2699 3133 quod

149 3159 202 3208 in
241 3158 473 3209 faciendo
512 3168 599 3209 aut
633 3177 738 3209 non
775 3158 1006 3208 faciendo
1064 3160 1320 3223 consistit,
1375 3161 1619 3209 incertum
1658 3166 1744 3207 est.
1833 3158 1903 3207 At
1928 3158 2165 3207 nondum
2205 3159 2324 3207 satis
2363 3164 2449 3217 est,
2504 3163 2697 3203 certum

152 3264 278 3310 esse,
317 3247 452 3314 quod
487 3248 718 3298 relictum
757 3248 833 3311 sit,
871 3255 1072 3315 oportet
1106 3266 1188 3298 res
1224 3249 1417 3316 legatas
1457 3257 1540 3298 aut
1575 3245 1799 3313 pondere
1838 3255 1924 3296 aut
1959 3264 2172 3296 numero
2211 3256 2469 3295 constare:
2520 3243 2581 3292 de
2619 3244 2695 3306 iis,

152 3352 277 3400 quac
316 3353 552 3385 mensura
589 3338 885 3398 consistunt,
940 3336 1278 3386 dubitabatur.
1371 3336 1626 3397 Quaenam
1674 3343 1749 3383 est
1800 3334 2008 3400 hujusce
2045 3337 2118 3384 rei
2155 3333 2319 3382 ratio?
2406 3331 2696 3380 Secundum

150 3422 435 3483 formulam,
492 3442 590 3488 qua
641 3424 692 3473 in
749 3434 864 3474 actu
919 3424 1116 3473 solenni
1169 3424 1370 3474 debitor
1424 3423 1671 3482 utebatur,
1727 3439 1954 3487 quaeque
2001 3422 2162 3482 nobis,
2218 3420 2308 3469 etsi
2344 3436 2445 3467 non
2484 3418 2695 3484 integra,

352 3598 398 3645 ²⁶)
424 3601 493 3635 Cic.
522 3603 607 3646 Top.
637 3601 670 3637 5.
723 3604 843 3637 Horat.
872 3614 925 3647 ep.
956 3605 999 3638 11.
1028 3601 1050 3636 2
1077 3614 1106 3636 ν.
1139 3600 1194 3635 15.
1250 3604 1286 3638 Si
1314 3605 1489 3647 proprium
1517 3606 1582 3643 est,
1611 3602 1704 3643 quod
1732 3603 1811 3643 quis
1839 3602 1926 3635 libra
1954 3605 2125 3634 mercatus
2154 3604 2188 3632 et
2214 3606 2292 3631 aere
2321 3602 2387 3630 est.

2161 3690 2187 3729 6
