3461 4168
649 291 848 344 Verum
885 309 949 342 ea
983 293 1248 359 poscendo
1286 293 1395 359 agri
1423 288 3244 360 pufflenmfflmmfflimmffl

647 387 773 431 vere
809 381 1014 447 private
1052 374 1339 442 differebat,
1390 381 1668 445 propterea
1704 377 1874 445 qnod
1890 377 3086 447 mprobus-»mm
3114 393 3243 444 ‘t

647 467 777 517 libet
810 475 1047 534 tempore
1082 479 1356 533 reposcere
1391 474 1609 533 poterat.
1690 463 1862 525 Quum
1879 460 2602 534 Wrmg’n‘met,
2629 463 3244 530 τηυιὴαῇιιιὶιῃάἆοὶά

647 553 874 619 primum
910 552 1275 603 constituenda
1308 561 1361 601 et
1400 550 1760 602 transferenda
1791 548 1907 601 noar
1920 550 2269 618 ⁷·’r0quiubnt-
2299 553 2565 604 neuneu.
2611 550 2822 617 proprie
2873 550 3094 613 civilem,
3116 549 3242 605 trud

648 640 1001 707 occupatione*
1016 646 1329 705 comparata
1362 655 1460 687 usu
1502 637 1791 698 tenebatur,
1830 636 2177 704 >usu‘naffissone,
2231 637 2485 704 quand&
2509 652 2603 703 per
2639 635 3002 702 longissimum
3035 642 3242 706 tenpus

650 733 792 777 esset
808 726 1072 794 possessio
1092 725 1404 785 continuata,
1424 740 1637 790 prorsus
1657 723 1882 772 exclusa.
1916 722 2060 773 Haec
2079 724 2212 773 ratio
2230 725 2515 776 neeman
2528 730 2842 786 mut-nent,
2860 740 3018 789 quum
3035 721 3243 777 Rammi-

650 813 751 864 bus
788 812 1049 864 bellicosis
1085 809 1309 872 Quirites
1346 810 1700 872 accessissent,
1737 809 1829 859 sed
1864 810 2045 877 populi
2072 827 2204 878 ager
2239 810 2429 862 haberi.
2455 810 2775 863 continuavit
2807 809 3075 877 usquead
3095 810 3243 864 Ami

650 907 861 968 gentem
896 900 950 949 in
987 898 1246 948 civitatem
1279 903 1558 963 receptam.
1647 894 1791 956 Quae
1846 899 2088 963 quoniam
2141 913 2263 964 pars
2306 915 2415 948 non
2453 907 2564 949 erat
2595 898 2756 964 ipsius
2792 896 3242 963 populi-{Romani

653 1002 811 1051 quum
846 1001 943 1035 nec
978 984 1235 1050 particeps
1271 983 1382 1049 agri
1417 983 1611 1048 publici
1649 998 1763 1033 esse
1798 999 1953 1049 posse
1989 984 2267 1046 videretur,
2316 1001 2431 1034 eam
2467 986 2537 1036 ob
2572 1001 2783 1035 cauum
2813 985 3045 1050 privatus
3079 984 3130 1036 ei
3163 991 3245 1045 est

653 1089 778 1138 ager
813 1085 1092 1121 concessus
1125 1085 1235 1119 non
1267 1075 1377 1119 tam
1398 1067 1516 1119 late
1552 1075 1751 1135 patens,
1805 1085 1958 1135 quam
2005 1068 2338 1136 patriciorum
2373 1085 2513 1137 ager·
2529 1070 2793 1137 *publicum
2842 1106 2844 1110 v
2876 1067 3033 1131 Quod
3083 1069 3244 1122 fiebat

650 1166 740 1209 aut
776 1158 1126 1225 assignatione
1164 1163 1254 1205 aut
1281 1154 1582 1204 venditione
1619 1173 1651 1204 a
1684 1156 1989 1223 magistratu
2023 1163 2310 1223 procuras.
2381 1154 2459 1204 Ea
2492 1155 2724 1207 venditio
2742 1179 2744 1181 ·
2759 1155 2830 1206 ad
2853 1155 3080 1221 speciem
3106 1156 3243 1207 illius

648 1245 806 1312 paulo
846 1243 1150 1309 antiquioris
1183 1241 1499 1292 venditionis
1534 1244 1908 1309 mancipiorum
1945 1243 2139 1293 directa
2174 1252 2282 1303 est3
2335 1259 2431 1291 nec
2468 1243 2579 1291 sine
2615 1260 2785 1305 causa,
2820 1243 2940 1309 quia
2972 1243 3083 1308 ipse
3117 1260 3244 1309 ager

650 1332 788 1381 bello
826 1336 1124 1397 occupatus,
1160 1344 1320 1378 manu
1356 1336 1536 1396 captus
1576 1345 1642 1378 ex
1681 1329 1916 1379 hostibus
1951 1346 2035 1379 res
2063 1328 2292 1395 praedae
2327 1329 2437 1394 ipse
2474 1337 2600 1390 erat,
2636 1337 2695 1379 nt
2729 1331 2880 1391 servi,
2912 1330 3045 1396 equi,
3062 1330 3242 1392 boves,

647 1418 791 1481 muli,
846 1417 992 1469 asini.
1080 1416 1261 1483 Itaque
1296 1416 1373 1467 rei
1406 1423 1593 1467 natura
1638 1417 1901 1484 postulare
1946 1416 2233 1479 videbatur,
2287 1424 2347 1466 ut
2396 1416 2510 1483 ipsi,
2565 1416 3005 1483 quemadmodum
3048 1434 3135 1467 res
3187 1434 3242 1467 se

648 1511 925 1555 moventes
972 1503 1213 1569 mancipi,
1260 1502 1642 1570 mancipm'one
1679 1519 1711 1554 a
1742 1503 1937 1569 populo
1974 1503 2182 1553 alienati
2217 1503 2272 1552 in
2309 1503 2630 1570 singulorum
2664 1502 2950 1554 dominium
2966 1504 3242 1554 cederent.

650 1590 852 1642 Eodem
887 1591 1044 1656 igitur
1077 1590 1180 1641 ritu
1216 1589 1493 1641 observato
1526 1590 1858 1655 magistratus
1896 1588 2190 1641 addictione
2220 1588 2505 1641 dominium
2521 1605 2645 1640 vere
2673 1589 2946 1657 privatum,
2983 1590 3246 1659 cognitum

654 1688 848 1744 eousqe
883 1685 1087 1727 tantum
1121 1663 1180 1727 in
1209 1676 1366 1725 rebus
1402 1674 1697 1738 mobilibus,
1736 1685 1938 1743 emptor
1971 1675 2378 1726 nanciscebatur.
2460 1674 2521 1726 In
2556 1675 2658 1726 hoc
2693 1692 2820 1726 vero
2856 1676 3069 1743 negotio
3101 1674 3245 1739 illud,

649 1764 705 1812 in
751 1779 854 1828 quo
901 1762 1160 1827 mancipio
1210 1761 1542 1823 consistebat,
1598 1779 1665 1811 ex
1714 1779 1814 1827 quo
1863 1762 2128 1828 proprium
2181 1778 2333 1812 suum
2384 1763 2696 1812 vocabulum
2749 1770 3053 1829 sumpserat,
3105 1762 3245 1828 quod

652 1849 930 1917 oportebat
966 1855 1255 1914 emptorem
1290 1863 1450 1897 manu
1483 1863 1594 1897 rem
1631 1864 1831 1915 capere,
1876 1847 1989 1898 fieri
2021 1866 2129 1899 non
2165 1855 2382 1915 poterat.
2470 1846 2537 1898 Et
2571 1847 2860 1899 differentia
2894 1847 3246 1900 intercedebat

652 1937 789 1987 inter
823 1934 1155 2002 praediorum
1193 1942 1245 1984 et
1278 1933 1548 1983 hominum
1584 1950 1857 2001 rerumque
1895 1951 1950 1984 se
1985 1936 2306 1985 moventium
2341 1936 2764 2002 mancipationes,
2800 1936 2919 2001 quia
2953 1952 3037 1985 res
3066 1936 3244 1986 immo·

650 2023 784 2074 biles
823 2023 1067 2073 absentes
1104 2028 1157 2071 et
1192 2019 1409 2071 diversis
1444 2020 1499 2070 in
1535 2020 1664 2071 locis
1701 2021 1828 2071 sitae
1866 2029 1918 2071 et
1969 2022 2143 2088 plures
2197 2022 2349 2072 simul
2400 2022 2684 2089 mancipari
2736 2029 2994 2089 poterant,
3045 2029 3244 2072 ceterae

651 2128 762 2160 non
798 2110 937 2160 item.
1010 2107 1115 2158 Sed
1149 2107 1290 2158 haud
1326 2108 1544 2158 obscure
1580 2107 1775 2159 indicat
1812 2106 1970 2175 Gajus
2007 2109 2285 2174 antiquitus
2323 2108 2461 2159 aliud
2498 2109 2781 2161 obtinuisse
2818 2108 2994 2159 dicens
3030 2109 3244 2159 solere

653 2196 870 2262 praedia
905 2196 1140 2243 absentia
1172 2194 1468 2257 mancipari.
1557 2193 1692 2252 Quid
1748 2204 1918 2244 autem
1969 2194 2363 2260 apprehensioni
2412 2213 2664 2260 personae
2701 2203 2753 2245 et
2787 2195 2864 2245 rei
2914 2195 3137 2260 mancipi
3190 2212 3245 2245 se

651 2281 915 2331 moventis
952 2281 1006 2329 in
1042 2279 1267 2345 praediis
1304 2280 1637 2328 substitutum
1684 2281 1853 2342 fuerit,
1907 2281 1971 2329 de
2027 2298 2089 2329 ea
2139 2298 2195 2329 re
2233 2281 2581 2346 conjecturam
2628 2298 2813 2347 capere
2833 2324 2835 2326 .
2856 2298 3131 2348 possumus
3180 2298 3246 2330 ex

652 2367 948 2418 eorundem
983 2365 1349 2416 vindicatione.
1437 2364 1571 2414 Nam
1608 2382 1764 2432 quum
1800 2367 1860 2429 is,
1919 2367 2004 2432 qui
2052 2374 2140 2415 aut
2176 2366 2440 2415 hominem
2475 2374 2564 2416 aut
2596 2383 2707 2416 rem
2741 2367 2989 2418 mobilem
3019 2366 3246 2427 ‘vindica-

653 2453 761 2515 bat,
796 2453 978 2518 ipsam,
1013 2452 1100 2502 vel
1136 2451 1179 2500 si
1213 2452 1331 2501 talis
1368 2459 1520 2513 esset,
1558 2469 1688 2517 quae
1727 2453 1837 2501 sine
1875 2452 2206 2502 incommodo
2243 2453 2297 2501 in
2327 2453 2412 2518 jus
2449 2453 2619 2503 afferri
2647 2453 2897 2503 adducive
2915 2470 3021 2504 non
3055 2462 3247 2519 posset,

651 2541 854 2607 parteni
891 2538 1013 2587 inde
1050 2545 1308 2603 sumptam
1344 2537 1757 2604 apprehenderet
1793 2539 1941 2603 eique
1977 2539 2228 2588 festucam
2259 2539 2563 2604 imponeret,
2601 2540 2644 2589 si
2670 2539 2860 2590 fundus
2877 2538 3246 2601 vindicabatur,

655 2626 1023 2692 antiquissimis
1057 2626 1376 2692 temperibus
1411 2633 1621 2691 praetor
1655 2643 1761 2674 una
1796 2642 1912 2674 cum
1949 2625 2182 2691 partibus
2219 2642 2336 2673 eum
2373 2624 2562 2686 adibat,
2615 2634 2673 2675 ut
2724 2626 2778 2674 in
2823 2625 3115 2692 praesentia
3163 2642 3248 2676 res

656 2720 1022 2780 perageretur:
1075 2720 1260 2778 postea
1295 2713 1500 2779 glebam
1539 2729 1605 2762 ex
1640 2712 1817 2774 fund0,
1875 2728 1941 2762 ex
1977 2712 2191 2762 aedibus
2227 2712 2455 2779 tegulam
2491 2720 2749 2779 sumptam
2801 2713 2855 2762 in
2904 2714 2990 2780 jus
3044 2712 3247 2763 afferre-

658 2799 799 2850 bant.
884 2798 1020 2849 Num
1074 2799 1230 2866 igitur
1281 2799 1578 2866 putabimus
1638 2798 1855 2850 eandem
1898 2799 2057 2850 fuisse
2094 2798 2521 2850 consuetudinem
2576 2800 2631 2849 in
2666 2799 2893 2866 praediis
2926 2799 3247 2868 assignandis

658 2885 1046 2951 vendendisque
1084 2903 1114 2937 a
1148 2886 1452 2953 magistratu
1488 2886 1665 2953 populi
1700 2884 1921 2936 Romani
1956 2885 2277 2952 procuratis?
2338 2884 2419 2936 Ita
2451 2885 2829 2956 propervdum
2846 2866 3063 2937 vitietur.
3115 2885 3247 2938 Tum

656 2974 979 3023 censendum
1016 2976 1111 3022 erit
1144 2975 1364 3023 formam
1400 2976 1560 3040 priori
1595 2973 1956 3024 vindicationis
1994 2973 2192 3022 formae
2229 2972 2447 3023 similem
2493 2973 2745 3041 principio
2797 2974 3036 3024 usitatam
3090 2970 3246 3026 fuisse

654 3060 881 3126 ideoque
918 3061 1272 3126 magistratum
1309 3077 1425 3110 cum
1464 3070 1712 3128 emptore,
1749 3077 1866 3110 cum
1901 3061 2120 3109 testibus
2160 3068 2211 3109 et
2244 3060 2531 3127 libripende
2555 3059 2824 3128 praedium
2851 3061 3246 3130 mancipandum

655 3147 862 3211 adiisse,
898 3154 957 3199 ut
982 3147 1056 3198 ibi
1081 3147 1389 3213 mancipatio
1408 3155 1753 3215 perageretur.
1810 3145 1962 3208 Quod
1999 3146 2094 3196 etsi
2128 3163 2318 3214 magna
2352 3147 2683 3197 incommoda
2718 3147 2959 3199 habuisse
2995 3149 3246 3212 videatur,

654 3242 833 3285 tamen
870 3233 1320 3284 considerantibus
1357 3233 1534 3283 eadem
1571 3235 1624 3284 in
1660 3234 2007 3285 vindicatione
2043 3249 2216 3284 rerum
2251 3233 2590 3284 immobilium
2637 3235 2848 3300 reperiri
2884 3238 2996 3286 veri
3042 3236 3246 3287 videtur

655 3340 765 3372 non
796 3340 914 3372 esse
952 3321 1215 3371 dissimile.
1306 3317 1673 3372 Verumtamen
1727 3320 1866 3388 quod
1921 3329 2064 3372 actus
2118 3321 2170 3371 in
2227 3321 2520 3387 praesentia
2572 3320 2745 3384 fiebat,
2802 3339 2863 3374 eo
2909 3322 3142 3374 nondum
3180 3322 3244 3374 ad

658 3410 998 3475 mancipionis
1034 3425 1271 3460 normam
1311 3416 1420 3457 erat
1456 3410 1873 3460 accommodata:
1913 3410 2253 3476 apprehensio
2291 3410 2366 3458 rei
2403 3408 2802 3460 desiderebatur.
2893 3409 3035 3471 Quae
3072 3428 3243 3477 quem·

657 3496 938 3545 admodum
976 3486 1281 3546 adumbrata
1319 3495 1399 3555 sit,
1453 3505 1576 3560 puto
1626 3498 1865 3563 colligere
1914 3514 2011 3546 nos
2058 3513 2209 3561 posse
2251 3513 2316 3545 ex
2353 3497 2468 3544 loco
2505 3495 2641 3546 Festi
2679 3515 2717 3546 s.
2755 3516 2802 3547 v.
2857 3496 3116 3564 Manceps,
3153 3500 3244 3548 ubi

655 3583 949 3648 „Manceps,
1004 3585 1180 3649 inquit,
1235 3582 1437 3643 dicitur,
1493 3583 1578 3646 qui
1634 3583 1753 3647 quid
1800 3600 1830 3631 a
1877 3584 2069 3648 populo
2128 3584 2249 3631 emit
2304 3582 2622 3645 conducitve,
2678 3585 2796 3649 quia
2842 3602 2996 3634 manu
3041 3585 3243 3635 sublata
