3461 4168
1412 123 1494 174 -23

135 275 340 340 ‘nd-s,
374 277 626 344 Dionysio
662 279 1003 345 testantem.
1039 280 1145 344 27),
1178 278 1398 330 traditur
1429 279 1565 345 patri
1600 277 1916 330 concessisse
1952 293 2111 341 usque
2148 277 2212 327 ad
2247 279 2451 328 tertiam
2479 277 2733 329 venditio·

154 380 277 415 nem
312 379 380 413 cx
411 361 524 415 filio
557 373 824 431 quaestum
857 366 1047 427 ficere,
1097 364 1252 431 idque
1297 374 1553 417 retentum
1602 373 1682 416 est
1715 365 1832 430 lege
1866 362 2209 424 decemvirali,
2261 365 2314 414 in
2367 366 2510 430 cujus
2547 372 2732 430 quarta

154 451 333 500 tabula
366 451 492 500 haec
526 453 688 501 verba
722 454 911 517 scripta
944 453 1210 502 feruntur:
1280 451 1376 512 „Si
1427 461 1573 518 pater
1616 452 1780 503 filium
1827 459 1908 501 ter
1943 467 2132 499 venum
2170 450 2291 510 duit,
2344 452 2478 500 filius
2517 471 2548 500 a
2582 462 2730 516 patre

155 536 286 587 liber
320 542 480 588 esto.“
547 539 654 589 Nec
691 540 870 588 dubito
900 539 1027 603 quin
1064 554 1128 586 eo
1164 546 1395 604 tempore
1432 541 1634 590 licuerit
1666 538 1815 605 patri,
1850 538 2012 587 filium
2047 546 2189 585 trans
2208 538 2432 587 Tiberim
2468 540 2520 588 in
2551 554 2728 590 veram

154 625 456 675 servitutem
493 625 750 676 vendere:
804 625 907 674 hoc
956 628 1132 673 tamen
1177 624 1263 690 jus
1296 625 1526 677 moribus
1560 625 1894 692 reprobatum
1929 624 1983 673 in
2020 640 2117 673 usu
2169 631 2424 674 retentum
2476 641 2581 676 non
2634 632 2728 677 est.

157 709 211 761 Si
245 728 371 761 vero
409 712 509 761 civi
543 711 778 761 Romano
813 709 1202 774 mancipabatur
1234 710 1602 774 filiusfamilias,
1643 711 1942 761 venditione
1979 711 2075 759 hac
2115 710 2160 758 ei
2195 727 2291 759 nec
2311 710 2522 759 libertas
2543 710 2729 759 adime-

154 795 323 860 batur,
374 813 474 847 nec
507 797 812 863 ingenuitas,
850 795 940 845 sed
975 802 1150 844 tamen
1184 796 1322 846 servi
1356 797 1471 846 loco
1509 798 1794 848 habeba-tur
1830 797 2196 861 dicebaturque
2235 796 2287 845 in
2325 796 2583 861 mancipio
2622 796 2728 845 sive

159 898 314 933 causa
347 884 587 952 mancipii
626 901 754 946 esse,
790 889 1065 949 propterea
1100 881 1237 948 quod
1271 883 1523 950 mancipio
1560 885 1611 932 in
1651 901 1764 933 eam
1785 901 1991 934 causam
2012 889 2335 950 pervenerat,
2372 899 2468 931 nec
2496 882 2600 929 ullo
2629 881 2728 930 alio

154 971 327 1034 modo,
365 973 417 1021 in
448 973 563 1038 jure
600 971 832 1021 cessione
868 970 950 1019 hic
986 971 1157 1019 locum
1191 986 1298 1019 non
1335 970 1570 1033 habente,
1606 973 1873 1037 pervenire
1909 978 2126 1037 poterat.
2197 969 2309 1019 Hae
2338 970 2562 1020 filiorum
2590 985 2733 1020 man·

155 1059 437 1124 cipationes
465 1074 628 1123 quum
641 1057 764 1107 olim
799 1073 952 1106 verae
989 1056 1300 1107 venditionis
1335 1074 1490 1107 causa
1523 1058 1718 1119 fierent,
1755 1067 1937 1124 postea
1973 1065 2062 1107 aut
2095 1075 2202 1108 non
2242 1057 2450 1107 omnino
2488 1064 2576 1107 aut
2610 1073 2728 1108 raro

155 1163 217 1195 eo
255 1146 564 1195 nitebantm.
633 1142 940 1208 Plerumque
968 1143 1102 1192 enim
1128 1143 1263 1193 filius
1294 1151 1380 1193 aut
1399 1161 1465 1193 ex
1482 1146 1658 1193 noxali
1674 1164 1839 1207 causa,
1859 1145 2048 1205 damni,
2068 1143 2206 1209 quod
2227 1143 2452 1203 dederat,
2475 1142 2727 1194 sarciendi

156 1250 322 1294 causa,
352 1230 753 1295 mancipabatur,
786 1238 874 1279 aut
902 1229 1029 1279 dicis
1065 1230 1241 1295 gratia,
1271 1229 1425 1294 idque
1456 1239 1564 1279 tum
1595 1232 2011 1295 emancipationis
2031 1240 2140 1282 tum
2161 1230 2454 1294 adoptionis
2475 1248 2614 1295 ergo.
2668 1229 2728 1280 In

154 1318 235 1368 his
248 1317 486 1368 omnibus
507 1316 672 1366 causis
692 1333 757 1364 ex
775 1315 1059 1366 intentione
1079 1315 1298 1381 partium
1317 1325 1520 1381 praeter
1539 1316 1757 1380 pretium
1775 1316 1898 1367 illud
1916 1316 2270 1382 imaginarium
2284 1316 2478 1365 nullum
2493 1314 2727 1365 dabatur.

369 1402 613 1458 Filiorum
664 1403 819 1469 igitur
870 1404 1332 1469 mancipationibus
1386 1411 1588 1453 constat
1648 1404 1925 1468 antiquitus
1976 1421 2152 1454 veram
2206 1402 2556 1454 venditionem
2617 1420 2725 1454 non

153 1490 310 1540 modo
347 1491 557 1540 subesse
593 1491 836 1555 potuisse,
873 1509 1054 1540 verum
1092 1489 1479 1555 saepenumero,
1515 1491 1659 1540 initio
1698 1491 1804 1540 fere
1842 1508 2055 1555 semper,
2092 1490 2361 1541 subfuisse.
2434 1488 2584 1548 Quod
2619 1508 2725 1539 non

153 1578 396 1627 similiter·
437 1577 639 1627 videtur
693 1579 1089 1627 existimandum
1144 1595 1256 1627 esse
1311 1579 1364 1626 in
1420 1595 1480 1626 ea
1525 1578 1917 1643 mancipatione,
1970 1595 2062 1642 per
2114 1595 2266 1642 quam
2304 1594 2436 1625 uxor
2471 1576 2522 1624 in
2559 1577 2727 1625 mariti

151 1680 360 1715 manum
380 1666 720 1716 conveniebat
747 1666 1003 1731 fiebatque
1038 1666 1438 1727 materfamilias,
1473 1666 1638 1731 qualis
1674 1682 1779 1715 non
1816 1665 2113 1726 habebatur,
2150 1665 2249 1715 nisi
2280 1681 2406 1729 quae
2434 1664 2485 1714 in
2516 1681 2724 1714 manum

154 1753 495 1814 convenisset,
531 1753 754 1801 maxime
794 1753 838 1801 si
873 1753 1196 1818 coemptione
1235 1752 1288 1800 id
1324 1751 1516 1801 factum
1556 1759 1704 1802 esset.
1793 1750 1910 1802 Non
1948 1752 2083 1801 enim
2117 1752 2333 1816 legimus
2369 1751 2500 1799 hanc
2536 1751 2724 1800 manci-

149 1839 412 1905 pationem
448 1855 674 1903 unquam
721 1839 1031 1903 emptionem
1078 1839 1235 1888 fuisse
1283 1855 1473 1888 veram.
1562 1837 1803 1888 Fortasse
1839 1854 1935 1888 nec
1971 1838 2064 1888 fuit
2103 1836 2236 1901 apud
2273 1837 2410 1903 ipsos
2447 1836 2723 1887 Romanos.

150 1926 268 1975 Fuit
302 1943 426 1975 vero
467 1925 603 1990 apud
639 1926 764 1974 alias
801 1934 979 1991 gentes
1018 1943 1083 1974 ex
1120 1925 1298 1974 eadem
1348 1926 1504 1990 stirpe
1550 1925 2044 1990 Indogermanorum
2100 1924 2355 1984 oriundas,
2410 1925 2549 1972 velut
2589 1924 2725 1988 apud

152 2012 393 2074 Graecos,
431 2011 730 2072 Germanos,
768 2011 1025 2060 Sarmatas
1079 2021 1295 2073 veteres,
1351 2020 1500 2076 atque
1547 2028 1660 2060 eam
1700 2013 1766 2061 ob
1805 2028 2011 2061 causam
2046 2019 2171 2075 puto
2208 2010 2485 2070 Romanos,
2542 2011 2584 2058 si
2619 2027 2726 2058 non

149 2115 291 2161 vero,
330 2101 510 2147 saltem
548 2099 847 2164 imaginario
884 2099 1048 2163 pretio
1085 2114 1274 2146 uxores
1311 2114 1428 2146 suas
1467 2114 1634 2146 emere
1672 2099 1849 2147 solitas
1886 2099 2056 2146 fuisse.
2136 2097 2201 2145 Et
2239 2098 2399 2145 serius
2437 2097 2727 2144 introducta

151 2186 355 2236 videtur
392 2185 458 2233 ad
495 2185 719 2251 speciem
753 2185 1143 2250 mancipationis
1180 2185 1400 2232 filiorum
1456 2186 1621 2251 (uxor
1660 2186 1985 2250 coemptione
2022 2185 2157 2233 filiae
2193 2185 2365 2231 locum
2400 2184 2725 2232 nancisceba-

148 2273 255 2336 tur)
292 2279 549 2336 usurpata,
587 2287 743 2335 quum
779 2271 976 2335 patricii
1013 2271 1263 2331 homines,
1300 2271 1384 2334 qui
1421 2270 1624 2320 diversa
1658 2271 1826 2319 forma
1860 2271 1913 2319 in
1948 2287 2157 2319 manum
2197 2270 2551 2330 conveniendi,
2606 2286 2724 2318 con-

149 2359 458 2406 farreatione
510 2358 717 2419 scilicet,
766 2357 1056 2418 utebantur,
1110 2358 1248 2405 illam
1303 2357 1637 2421 coemptionis
1687 2358 1905 2405 formam
1953 2357 2229 2420 antiquitus
2275 2356 2567 2404 adhibuisse
2616 2373 2723 2405 non

148 2446 432 2494 videantur.

362 2529 484 2579 «Iam
520 2529 584 2578 de
620 2530 999 2594 mancipatione
1035 2529 1364 2594 praediorum
1401 2530 1799 2592 servitutumque
1838 2529 2165 2593 praediorum
2202 2528 2512 2578 rusticorum
2556 2527 2724 2579 dicen·

148 2616 271 2666 dum
310 2616 417 2665 erit.
506 2614 650 2676 Sunt,
705 2616 790 2679 qui
824 2623 1019 2680 putent,
1075 2616 1437 2681 antiquissimis
1484 2615 1799 2680 temporibus
1855 2615 2083 2681 singulos
2120 2615 2259 2664 cives
2298 2613 2561 2664 Romanos
2597 2614 2727 2663 nihil

147 2704 201 2753 in
238 2703 349 2753 solo
386 2702 650 2769 proprium
685 2720 832 2751 suum
870 2702 1126 2764 habuisse,
1165 2704 1336 2753 omnia
1371 2703 1526 2753 fuisse
1562 2702 1778 2768 publica.
1849 2700 1982 2752 Huic
2011 2700 2279 2751 Niebuhrii
2318 2701 2546 2767 opinioni
2566 2719 2723 2766 quum

148 2790 249 2852 alii,
284 2798 393 2839 tum
429 2788 627 2838 Pucbta
662 2789 715 2838 in
751 2789 906 2839 instit.
944 2789 971 2855 ξ
1009 2792 1075 2839 40
1112 2792 1399 2853 assentitur,
1456 2790 1745 2840 Huschkius
1788 2790 1841 2839 in
1887 2790 2020 2839 libro
2070 2789 2134 2838 de
2171 2790 2329 2841 instit.
2367 2787 2533 2838 Servii
2569 2788 2721 2839 Tullii

151 2880 222 2944 (p.
246 2877 332 2944 77)
369 2856 579 2944 profsus
615 2876 795 2944 falum
826 2876 1035 2942 judicat..
1104 2876 1184 2926 Dc
1219 2894 1275 2927 re
1311 2885 1418 2927 tam
1455 2878 1630 2939 veteri,
1668 2893 1820 2942 quum
1857 2892 1954 2925 nec
1992 2876 2301 2926 testimoniis
2338 2883 2571 2926 veterum
2609 2892 2720 2924 auc·

146 2973 318 3015 torum
356 2965 478 3014 satis
516 2963 746 3013 dilucidis
784 2971 933 3029 atque
967 2963 1166 3013 idoneis
1203 2965 1276 3014 uti
1323 2965 1496 3026 liceat,
1552 2972 1747 3013 certum
1792 2963 2067 3028 quidquam
2115 2963 2268 3013 statui
2316 2963 2504 3028 nequit.
2592 2962 2718 3025 Agri

147 3051 284 3101 bello
323 3052 456 3117 capti
488 3051 594 3101 fere
633 3067 832 3116 semper
869 3051 1030 3100 solam
1066 3051 1446 3116 possessionem
1482 3051 1639 3115 privis
1678 3050 1971 3099 hominibus
2009 3068 2307 3100 concessam
2357 3067 2484 3110 esse,
2538 3048 2717 3096 aetatis

144 3138 446 3187 recentioris
482 3137 697 3187 historia
732 3137 1103 3203 comprabatur.
1173 3136 1299 3185 Inde
1338 3137 1630 3201 conjectura
1666 3137 1778 3201 capi
1813 3153 1968 3203 posse
2005 3137 2223 3199 videt-ur,
2273 3137 2432 3185 simile
2472 3133 2591 3198 quid
2629 3134 2716 3182 ob-

147 3231 405 3274 servatum
443 3241 555 3274 esse
590 3226 644 3274 in
679 3224 802 3291 ipsis
839 3225 1055 3275 civitatis
1091 3223 1441 3274 Romanorum
1477 3223 1784 3290 primordiis,
1822 3241 1979 3289 quum
2014 3224 2316 3291 praesertim
2344 3221 2478 3270 bello
2511 3228 2715 3285 captum

144 3312 365 3379 primum
403 3312 569 3361 solum
604 3314 901 3379 reperiatur.
970 3313 1212 3361 Attamen
1250 3312 1483 3374 arbitror,
1526 3329 1683 3376 quum
1700 3312 1888 3361 sforma
1924 3331 2032 3361 non
2067 3313 2249 3361 fierent
2284 3308 2474 3358 domini
2511 3307 2711 3371 privati,

143 3418 200 3451 re
235 3407 409 3449 tamen
447 3407 498 3449 et
532 3399 668 3449 facto
706 3401 895 3450 sensim
940 3400 1281 3467 paulatimque
1330 3399 1474 3465 quasi
1517 3398 1801 3449 dominium
1843 3400 1898 3449 in
1941 3399 2162 3466 praediis
2208 3414 2317 3447 esse
2364 3394 2713 3455 constitutum,

146 3505 302 3555 quum
347 3502 444 3535 usu
503 3496 554 3537 et
608 3489 976 3538 consuetudine
1032 3489 1203 3554 opinio
1255 3487 1552 3535 invaluisset
1607 3487 2008 3536 existimantium
2020 3526 2033 3548 ‚
2088 3487 2194 3550 agri
2248 3484 2426 3547 cuique
2483 3481 2716 3529 concessi

143 3575 523 3643 possessionem
554 3576 639 3641 jus
678 3593 788 3626 esse
828 3585 878 3626 et
915 3576 979 3625 ad
1015 3575 1230 3626 heredes
1268 3592 1386 3624 suos
1423 3574 1766 3624 transferendi
1804 3583 1854 3624 et
1893 3572 2160 3633 alienandi,
2208 3572 2387 3621 saltem
2425 3568 2717 3636 gentilibus.
