3461 4168
1899 153 1964 203 28

640 309 874 359 instrum.
912 309 1085 358 donat.
1124 326 1172 375 p.
1211 311 1279 359 40
1333 309 1670 376 affirmatque,
1724 311 2015 372 sestertium
2061 310 2204 360 illum
2251 309 2315 358 ad
2358 309 2509 359 aliam
2543 326 2654 359 rem
2690 311 3038 377 excogitatum
3090 327 3218 374 esse,

642 399 837 447 scilicet
872 404 930 445 ut
965 398 1201 445 lacunam
1258 397 1529 462 quandam,
1585 414 1715 462 quae
1752 398 1806 446 in
1859 397 2319 464 mancipationibus
2365 395 2685 444 liberalitatis
2718 396 2867 445 titulo
2903 398 3050 447 factis
3088 398 3218 447 exsi-

641 492 816 547 steret,
856 485 1120 551 expleret:
1160 485 1435 534 accessisse
1474 501 1589 533 eum
1628 483 1692 533 ad
1730 501 1818 534 aes
1854 486 2258 552 mancipationis.
2315 483 2447 533 Sane
2484 484 2535 531 in
2566 482 2859 549 hujusmodi
2888 486 3217 552 mancipatio-

640 572 796 622 nibus
836 573 959 622 solis
997 573 1184 622 scimus
1222 571 1510 622 sestertium
1548 571 1832 620 adhibitum
1872 590 1999 623 esse.
2078 572 2144 623 Et
2180 573 2309 622 aeris
2345 571 2607 638 particula,
2659 571 2732 619 uti
2769 571 2881 637 ipsa
2914 588 3007 637 per
3043 590 3130 622 aes
3166 580 3220 623 et

639 658 825 709 libram
864 660 996 726 gesti
1035 659 1307 725 appellatio
1346 659 1467 708 satis
1505 658 1777 707 ostendere
1815 660 2032 721 videtur,
2083 661 2201 726 quia
2238 659 2469 721 Romani,
2525 675 2680 724 quum
2720 659 3026 724 mancipatio
3064 661 3216 710 orire-

642 755 745 810 tur,
784 765 936 798 aerea
970 747 1199 813 pecunia,
1256 763 1408 812 quam
1463 746 1840 812 appendebant,
1896 749 2184 809 utebantur,
2239 747 2427 798 idcirco
2476 747 2539 797 ab
2582 746 2694 813 ipso
2742 753 2858 796 actu
2894 746 3074 797 abesse
3109 763 3215 798 non

641 838 829 901 potuit,
868 852 1169 900 semperque
1209 843 1259 881 et
1296 852 1409 881 cum
1448 851 1564 882 aere
1603 834 1732 881 libra
1770 834 2000 884 adhibita
2038 846 2126 896 est,
2165 853 2265 899 qua
2300 836 2372 884 uti
2409 854 2513 884 non
2551 834 2852 895 attinuisset,
2893 834 2934 884 si
2954 835 3217 884 sestertius

641 939 883 970 nummus
939 929 1224 986 argenteus,
1279 938 1385 968 non
1435 922 1679 985 pondere,
1736 921 1827 968 sed
1864 940 2078 970 numero
2117 930 2357 969 constans
2395 923 2543 986 pretii
2577 923 2691 970 loco
2729 921 2876 970 datus
2915 930 3061 971 esset.
3150 920 3216 971 Et

644 1027 798 1075 saepe
836 1010 919 1057 ille
958 1008 1221 1057 sestertius
1259 1025 1320 1056 eo
1360 1025 1565 1074 quoque
1604 1017 1851 1074 tempore,
1909 1027 2010 1075 quo
2066 1009 2187 1075 quin
2236 1025 2352 1057 aere
2390 1009 2524 1058 facta
2561 1010 2626 1058 sit
2659 1009 2965 1075 mancipatio
3004 1009 3215 1058 dubium

642 1113 754 1145 esse
792 1113 897 1144 non
935 1103 1120 1160 potest,
1160 1112 1275 1143 cum
1312 1096 1687 1160 mancipatione
1727 1096 2029 1160 conjunctus
2068 1097 2262 1161 legitur.

856 1193 934 1243 De
975 1194 1199 1260 quinque
1237 1194 1452 1243 testibus
1493 1193 1640 1259 adjici
1678 1202 1864 1259 potest,
1920 1196 2282 1261 imperatorum
2335 1194 2654 1258 temporibus
2710 1201 2761 1244 et
2809 1195 3021 1244 forsitan
3060 1195 3213 1261 longe

641 1291 795 1332 antea
832 1284 983 1331 etiam
1023 1282 1234 1331 Latinos
1273 1282 1561 1330 colonarios
1600 1290 1650 1330 et
1686 1281 1956 1343 Junianos,
1995 1284 2114 1332 item
2153 1301 2241 1331 eos
2279 1282 2594 1347 peregrinos,
2633 1283 2817 1347 quibus
2855 1282 3215 1332 commercium

642 1388 945 1420 concessum
986 1379 1136 1432 esset,
1190 1370 1617 1435 mancipationem
1656 1370 1840 1432 facere,
1895 1379 2054 1420 testes
2091 1379 2139 1419 ct
2173 1369 2484 1435 libripendes
2536 1387 2647 1418 esse
2693 1370 2933 1435 potuisse.
3021 1369 3216 1419 Verum

641 1459 923 1526 antiquitus
960 1459 1014 1508 in
1055 1458 1357 1525 quibusdam
1394 1458 1858 1524 mancipationibus
1895 1459 2098 1509 videtur
2133 1476 2236 1508 non
2276 1459 2551 1520 suffecisse,
2607 1465 2664 1507 ut
2716 1466 2874 1508 testes
2929 1460 3066 1509 cives
3114 1446 3214 1509 Ro-v

637 1565 822 1596 manos
860 1548 1082 1613 puberes
1121 1547 1499 1609 adhiberentur,
1538 1547 1628 1596 sed
1664 1566 1875 1597 necesse
1913 1549 2069 1598 fuisse
2107 1548 2296 1614 primae
2336 1547 2510 1596 classis
2549 1547 2781 1596 homines
2820 1556 3003 1596 essent.
3084 1547 3215 1597 Nam

639 1636 852 1696 classici,
892 1634 1057 1685 Gellio
1093 1642 1328 1696 testante,
1365 1652 1470 1683 non
1510 1653 1704 1697 omnes,
1744 1636 1829 1700 qui
1868 1636 1920 1685 in
1959 1636 2204 1685 classibus
2244 1642 2402 1696 erant,
2449 1634 2538 1684 sed
2574 1635 2767 1700 primae
2803 1642 3001 1684 tantum
3039 1635 3215 1685 classis

637 1722 874 1770 homines
914 1722 1228 1782 dicebantur,
1284 1722 1527 1770 classicos
1579 1730 1747 1771 autem
1795 1731 1954 1772 testes
1993 1722 2172 1772 Festus
2208 1722 2364 1770 refert
2402 1721 2565 1771 dictos
2602 1722 2773 1784 fuisse,
2829 1722 2915 1787 qui
2953 1721 3214 1788 signandis

634 1809 956 1857 testamentis
994 1808 1371 1857 adhiberentur.
1399 1809 1480 1872 1⁹)
1572 1808 1835 1874 Conjicere
1890 1811 2023 1871 licet,
2082 1810 2133 1858 in
2171 1809 2351 1858 ceteris
2391 1826 2595 1874 quoque
2631 1809 3103 1874 mancipatienibus‚
3153 1809 3214 1858 iis

633 1896 952 1961 praesertim,
1001 1914 1130 1960 quae
1171 1896 1377 1959 majoris
1416 1904 1588 1945 essent
1624 1897 1885 1957 momenti,
1942 1897 2181 1946 classicos
2232 1903 2390 1945 testes
2446 1896 2720 1960 antiquites
2776 1895 3030 1945 adhibitos
3087 1912 3213 1957 esse,

637 1983 733 2031 etsi
770 2001 981 2031 necesse
1020 1982 1072 2030 id
1108 2001 1213 2030 non
1252 1990 1372 2031 erat.

856 2058 1217 2149 Libripendem
1256 2084 1504 2149 principio
1544 2100 1608 2131 ex
1644 2085 1974 2149 patriciorum
2010 2085 2257 2144 tribubus,
2313 2083 2497 2131 deinde
2536 2101 2599 2131 ex
2644 2083 2809 2148 prima
2846 2084 3007 2130 classe
3046 2100 3211 2147 sump-

634 2178 744 2220 tum
786 2171 928 2219 velut
964 2171 1290 2236 magistratus
1327 2171 1556 2236 partibus
1594 2171 1645 2218 in
1684 2171 2022 2236 appendendo
2062 2188 2176 2218 aere
2214 2171 2443 2218 functum
2493 2187 2604 2218 esse
2643 2170 2795 2235 Hugo
2851 2171 2902 2217 in
2958 2170 3071 2217 hist.
3114 2170 3211 2234 jur.

633 2256 780 2307 Rom.
822 2258 890 2323 (p.
931 2260 1052 2323 213)
1092 2266 1142 2307 et
1180 2257 1470 2307 Huschkius
1507 2258 1557 2306 in
1595 2258 1725 2307 libro
1764 2258 1826 2307 de
1866 2257 2021 2307 instit.
2061 2255 2221 2306 Servii
2259 2256 2408 2306 Tullii
2447 2257 2515 2323 (p.
2555 2258 2676 2322 272)
2725 2257 3057 2323 probabiliter
3095 2274 3212 2305 con-

628 2345 880 2411 jecerunt.
954 2344 1003 2394 Is
1043 2346 1178 2394 enim
1217 2346 1397 2394 ceteris
1434 2346 1650 2395 testibus
1689 2346 1934 2412 dignitate
1973 2344 2274 2395 antecellere
2313 2344 2548 2405 debebat,
2605 2346 2746 2411 cujus
2797 2344 2859 2393 ab
2899 2344 3067 2393 officio
3105 2344 3212 2392 uni-

630 2451 836 2481 versum
873 2433 1136 2498 negotium
1178 2451 1270 2498 per
1308 2451 1393 2481 aes
1434 2442 1484 2481 et
1519 2434 1700 2481 libram
1738 2434 1869 2499 gesti
1905 2451 2093 2482 nomen
2132 2434 2364 2482 sortitum
2403 2441 2492 2481 est.
2582 2431 2730 2480 Unde
2776 2432 2827 2480 in
2864 2431 3213 2480 instrumentis

629 2521 1065 2585 mancipationum
1105 2520 1168 2568 ad
1206 2538 1301 2569 nos
1341 2521 1549 2586 perlatis
1588 2522 1696 2586 ejus
1732 2521 2055 2586 potissimum
2091 2539 2278 2569 nomen
2317 2521 2532 2569 relatum
2568 2520 2836 2568 invenitur.
2920 2517 3214 2568 Certissima

630 2616 801 2656 autem
840 2608 1041 2656 videtur
1076 2608 1343 2656 hominum
1383 2609 1652 2657 doctorum
1692 2610 1987 2674 conjectura
2022 2610 2074 2657 in
2111 2610 2184 2671 iis,
2230 2626 2360 2674 quae
2400 2609 2463 2657 ab
2502 2608 2613 2673 ipso
2650 2608 2842 2673 populo
2880 2605 3211 2655 institueban-

629 2702 728 2757 tur,
766 2695 1243 2762 mancipationibus.

847 2795 930 2843 Ad
965 2804 1123 2844 test-es
1163 2796 1388 2861 quinque
1428 2804 1478 2845 et
1524 2796 1864 2862 libripendem
1914 2795 2130 2861 legimus
2184 2796 2338 2844 alium
2394 2794 2693 2856 accessisse,
2750 2811 2901 2859 quem
2954 2792 3210 2857 mancipio

631 2881 903 2945 accipiens,
956 2882 1190 2931 vellicata
1238 2883 1477 2944 auricula,
1534 2901 1660 2948 quae
1712 2883 1990 2932 memoriae
2041 2883 2187 2933 sedes
2226 2901 2337 2933 esse
2376 2881 2693 2943 credebatur,
2745 2889 2990 2946 tanquam
3026 2886 3211 2928 testem

627 2964 988 3032 interrogaret,
1042 2986 1163 3016 num
1210 2970 1382 3018 omnia
1418 2978 1554 3018 recte
1594 2970 1982 3018 conficerentur.
2074 2969 2119 3018 ls
2156 2978 2344 3031 tamen,
2401 2969 2486 3034 qui
2524 2976 2807 3018 antestatus
2845 2965 3210 3031 appellabatur,

626 3072 723 3104 nec
761 3055 1082 3103 necessarius
1119 3056 1272 3106 fuisse
1311 3056 1527 3116 videtur,
1585 3075 1741 3123 quum
1792 3056 1950 3123 Gajus
1989 3066 2039 3106 et
2075 3056 2321 3123 Ulpianus
2368 3057 2477 3123 ejus
2512 3056 2827 3106 mentionem
2863 3071 2969 3102 non
3005 3052 3208 3126 faciant,

625 3161 722 3191 nec
760 3143 1157 3208 mancipationis
1194 3146 1427 3209 proprius
1467 3154 1589 3206 erat,
1646 3164 1802 3210 quum
1852 3147 1902 3194 in
1942 3145 2051 3194 aliis
2091 3163 2310 3210 quoque,
2365 3144 2664 3210 praesertim
2702 3143 2753 3190 in
2785 3141 2868 3206 jus
2923 3141 3208 3203 vocatione,

628 3241 932 3281 occurreret.
1025 3230 1289 3280 Walchius
1335 3234 1383 3280 in
1430 3234 1603 3282 libello
1643 3234 1704 3283 dc
1744 3243 1999 3283 antestato
2036 3234 2087 3283 in
2126 3233 2586 3300 mancipationibus
2626 3231 2702 3296 (p.
2746 3231 2828 3292 12)
2883 3229 3102 3296 conjicit,
3156 3228 3208 3278 in

624 3320 848 3385 praediis
886 3322 936 3369 in
979 3320 1214 3368 absentia
1250 3322 1596 3385 mancipandis
1634 3323 1868 3371 homines
1907 3324 1947 3371 si
1985 3341 2090 3371 non
2121 3323 2481 3382 necessarium,
2519 3320 2640 3368 utile
2672 3319 2851 3367 saltem
2874 3319 3207 3380 existimasse,

627 3408 864 3471 aliquem,
904 3409 988 3472 qui
1026 3407 1293 3473 praedium
1331 3407 1461 3455 bene
1498 3418 1686 3470 nosset,
1726 3411 1821 3459 sibi
1858 3418 2102 3475 tanquam
2141 3411 2388 3459 arbitrum
2429 3406 2752 3467 constituere,
2804 3407 2889 3472 qui
2927 3406 3049 3473 quid
3085 3423 3207 3455 vere

624 3495 969 3559 mancipatum
1009 3504 1060 3544 et
1096 3496 1209 3561 lege
1248 3494 1487 3559 mancipii
1526 3498 1950 3561 comprehensum
1990 3506 2138 3558 esset,
2179 3497 2220 3545 si
2258 3496 2320 3545 de
2361 3512 2421 3544 ea
2456 3511 2510 3543 re
2550 3494 2680 3543 inter
2716 3494 2969 3560 mancipio
3000 3493 3205 3543 dantem

833 3661 876 3706 ¹⁹)
905 3665 1000 3696 Gun.
1030 3666 1108 3697 VH.
1141 3663 1197 3698 13.
1252 3666 1382 3698 Festus
1410 3674 1439 3696 s.
1471 3674 1502 3697 v.
1558 3664 1705 3698 Classici
1733 3671 1854 3698 testes.
