3461 4168
1429 98 1510 148 35

175 258 560 328 wisc
581 261 874 307 nudorum
927 253 1413 322 emptiunies»..esse.“
1499 252 1607 315 Qui
1648 253 1804 321 igitur
1835 251 2092 318 a--populo
2128 253 2391 318 praedium
2427 262 2634 311 emerat,
2688 253 2744 303 in

174 341 561 409 -sepaeone
589 341 755 394 «verba
788 339 1274 409 loquens.selennia
1306 357 1512 403 manum
1545 339 1739 397 tollens.
1757 338 2228 405 apprehensionem
2261 341 2336 389 rei
2380 341 2745 409 mancipationi

177 429 446 498 propriam
480 430 787 481 imitabatur.
853 427 1275 493 naiades-quum
1308 428 1595 495 respublica
1631 425 1980 478 Romanorum
2016 425 2165 476 valde
2203 433 2349 476 aucta
2384 436 2531 490 esset,
2586 444 2742 494 quum

180 518 441 568 morosior
475 534 637 583 usque
672 516 934 567 videretur
967 513 1194 565 accessio
1230 513 1297 563 ad
1331 514 1496 581 ipsum
1531 531 1726 582 agrum,
1771 512 2106 579 praetermitti
2143 521 2325 579 coepta
2362 522 2437 562 est
2475 515 2618 580 eique
2656 522 2744 564 aut

185 604 559 656 substituerunt
590 604 808 653 formam
844 599 1203 652 vindicationis
1237 602 1571 654 recentiorem
1608 608 1697 651 aut
1730 615 1939 650 manum
1977 599 2226 649 sublatam
2276 616 2367 665 per
2409 616 2462 648 se
2510 601 2742 650 sufficere

180 682 527 742 crediderunt.
607 689 773 756 Ipsius
806 694 981 753 autem
1015 686 1262 752 mancipis
1306 706 1492 738 nomen
1528 686 1651 738 satis
1687 684 1874 736 indicio
1913 693 2002 749 est,
2057 703 2173 737 eum
2212 686 2334 737 olim
2369 702 2492 748 rem,
2546 703 2644 752 qua
2678 688 2743 739 de

186 787 438 848 ageretur,
473 795 629 828 manu
665 776 876 843 cepisse,
931 773 974 823 si
1010 772 1214 839 quidem
1248 774 1362 824 talis
1398 783 1546 837 esset,
1582 791 1713 841 quae
1751 773 1865 839 capi
1899 781 2085 839 posset.
2172 772 2314 823 Haec
2351 772 2414 823 de
2451 772 2743 823 venditione

187 868 297 934 agri
330 867 532 933 publice
568 866 716 914 facta.
802 861 881 912 De
934 862 1361 927 assignationibus
1412 863 1697 912 recentiore
1751 869 1887 909 certe
1942 869 2105 911 aetate
2149 868 2352 910 constat
2396 861 2509 926 lege
2547 860 2747 926 agraria

185 955 292 1004 lata
341 951 804 1019 mancipationibus
854 948 1311 997 intervenientibus
1361 949 1472 998 fieri
1524 949 1701 998 solitas
1758 965 1885 998 esse.
1972 946 2077 996 Nec
2132 956 2208 997 est
2255 947 2393 1013 quod
2440 947 2747 1009 dubitemus,

174 1040 315 1107 -quin
343 1040 452 1107 jam
488 1039 627 1100 olim,
662 1050 818 1102 quum
856 1035 1258 1102 mancipationes
1292 1036 1344 1083 in
1378 1053 1524 1085 usum
1560 1035 1838 1095 venissent,
1874 1033 2009 1081 idem
2044 1035 2195 1082 fuerit
2230 1036 2573 1083 observatum.

403 1125 575 1185 Quum
610 1138 733 1188 ager
767 1122 1001 1187 publicus
1038 1121 1230 1171 divisus
1266 1130 1351 1171 aut
1386 1124 1730 1189 assignaretur
1766 1129 1853 1170 aut
1888 1137 1919 1169 a
1954 1130 2219 1186 quaestore
2268 1123 2589 1183 venderetur,
2638 1138 2747 1170 sae-

188 1215 414 1282 pissime,
450 1228 551 1276 quo
589 1227 713 1275 agro
750 1226 843 1257 suo
880 1209 1091 1274 quisque
1128 1217 1265 1257 recte
1302 1218 1447 1274 atque
1485 1209 1664 1258 ordine
1702 1208 1777 1257 uti
1812 1216 2000 1273 posset,
2035 1227 2243 1258 necesse
2281 1216 2402 1270 erat,
2459 1208 2746 1270 servitutes,

173 1301 386 1352 scilicet
420 1296 747 1363 praediorum
781 1297 1088 1345 rusticorum
1124 1296 1560 1345 constituerentur.
1618 1295 1731 1355 Qua
1766 1294 1830 1343 de
1867 1312 2021 1343 causa
2050 1295 2102 1343 in
2138 1296 2249 1360 ipsa
2284 1296 2626 1361 assignatione
2663 1295 2750 1344 vel

189 1386 487 1444 venditione
524 1384 796 1434 servitutes
832 1382 1229 1445 deducebantur,
1284 1383 1417 1448 quod
1459 1401 1615 1449 quum
1660 1382 1808 1431 fieret
1844 1382 2026 1432 eodem
2063 1392 2176 1432 actu
2213 1401 2303 1449 per
2340 1401 2424 1432 aes
2462 1392 2512 1433 et
2547 1384 2748 1445 libram,

174 1473 307 1524 --ideo
345 1474 530 1535 evenit,
569 1480 627 1521 ut
661 1473 814 1521 etiam
843 1473 961 1537 jura
994 1456 1317 1537 praediorum
1351 1473 1671 1531 rusticorum,
1717 1488 1824 1518 non
1860 1480 2034 1519 tamen
2070 1472 2396 1532 urbanorum,
2442 1490 2569 1536 quae
2605 1490 2747 1536 prae-

176 1568 330 1614 terea
362 1560 617 1628 posterius
655 1567 774 1610 sunt
806 1559 1030 1622 inventa,
1066 1558 1199 1607 inter
1233 1575 1399 1606 rerum
1432 1558 1655 1625 mancipi
1689 1574 1958 1606 numerum
1993 1558 2317 1606 haberentur.

404 1644 604 1696 Eodem
639 1644 811 1708 mod0,
849 1663 949 1711 quo
985 1645 1196 1711 praedia
1230 1652 1280 1695 et
1309 1647 1423 1711 jura
1456 1645 1784 1712 praediorum
1819 1647 2123 1695 rusticorum
2159 1648 2335 1712 populi
2363 1648 2510 1712 jussu
2545 1648 2747 1713 publice

190 1734 561 1795 alienabantur,
598 1732 783 1782 deinde
820 1734 972 1782 etiam
1008 1734 1142 1782 inter
1176 1734 1399 1797 privatos
1436 1733 1672 1782 dominos
1709 1732 1989 1784 mutabant.
2044 1731 2259 1781 Videtur
2277 1742 2447 1782 tamen
2467 1734 2518 1781 in
2548 1734 2749 1799 privata

187 1819 564 1886 mancipatione
600 1819 844 1885 paulatim
878 1819 931 1868 in
968 1818 1354 1868 desuetudinem
1392 1820 1591 1880 abiisse,
1631 1818 1769 1884 quod
1807 1827 2086 1884 emptorem
2108 1836 2311 1868 manum
2330 1821 2510 1869 tollere
2548 1829 2749 1886 oporte-

188 1908 291 1956 bat.
363 1907 513 1956 Certe
549 1907 841 1972 scriptores,
879 1908 964 1973 qui
997 1908 1152 1973 longe
1188 1908 1435 1972 posterius
1471 1907 1769 1968 floruerunt,
1808 1904 1965 1972 Gajus
2003 1915 2053 1955 et
2088 1905 2349 1972 Ulpianus,
2399 1925 2609 1956 necesse
2647 1908 2747 1957 hoc

187 1994 346 2044 fuisse
382 2009 489 2043 non
525 1993 712 2042 dicunt.

404 2080 521 2137 Una
553 2089 714 2131 restat
747 2081 951 2144 familia,
991 2099 1118 2148 quae
1155 2089 1456 2132 testamento
1492 2098 1584 2148 per
1621 2098 1707 2132 aes
1746 2089 1797 2131 et
1831 2082 2013 2131 libram
2039 2082 2291 2148 mancipio
2321 2081 2549 2131 dabatur.
2605 2081 2747 2142 Quae

189 2168 513 2233 mancipati0,
568 2176 625 2219 ut
661 2187 814 2233 supra
850 2168 971 2230 dixi,
1025 2169 1234 2219 inventa
1278 2176 1354 2219 est
1399 2176 1455 2218 ut
1498 2168 1679 2230 forma,
1734 2185 1834 2234 qua
1877 2177 2079 2219 utentes
2117 2170 2267 2220 etiam
2304 2170 2356 2219 in
2393 2187 2517 2236 pace
2554 2178 2606 2221 et
2643 2172 2747 2220 otio

189 2263 394 2321 praeter
430 2264 632 2321 tempus
668 2256 989 2304 comitiorum
1025 2256 1342 2304 testamentis
1377 2253 1619 2303 faciendis
1656 2254 2025 2304 destinatorum
2072 2263 2378 2305 testamenta
2421 2257 2587 2305 facere
2632 2273 2749 2321 pos-

195 2350 322 2392 sent.
393 2341 460 2392 Et
494 2343 604 2392 sine
641 2342 797 2392 dubio
835 2344 996 2392 serius
1032 2344 1085 2391 in
1121 2361 1268 2392 usum
1304 2344 1456 2404 venit,
1493 2359 1644 2407 quam
1663 2351 1863 2392 ceterae
1883 2343 2297 2408 mancipationes,
2333 2352 2604 2409 propterea
2637 2352 2749 2394 tum

190 2428 329 2494 quod
363 2445 447 2478 res
482 2429 824 2494 mancipanda
860 2430 1110 2496 ejusmodi
1146 2439 1268 2492 erat,
1322 2447 1446 2495 quae
1499 2429 1809 2495 mancipium
1855 2430 2062 2496 proprio
2109 2447 2261 2480 sensu
2298 2430 2489 2479 dictum
2523 2449 2630 2480 non
2666 2431 2750 2479 ad-

187 2514 429 2576 mitteret,
463 2521 574 2563 tum
610 2514 748 2579 quod
782 2533 1103 2580 nequaquam
1138 2516 1410 2565 verisimile
1447 2524 1536 2577 est,
1573 2516 1624 2564 in
1662 2515 1842 2564 eadem
1862 2534 2085 2582 unquam
2105 2534 2284 2566 verum
2312 2517 2530 2582 pretium
2547 2525 2751 2583 praeter

189 2601 550 2651 raudusculum
586 2601 762 2650 datum
799 2620 926 2663 esse,
978 2611 1088 2651 tum
1135 2622 1257 2653 vero
1307 2602 1443 2668 quod
1491 2601 1695 2667 cognita
1732 2611 1809 2653 est
1844 2604 1994 2654 nobis
2030 2604 2210 2667 forma,
2263 2621 2392 2669 quae
2431 2604 2568 2653 illam
2604 2621 2750 2670 prae-

190 2700 428 2752 cesserat,
466 2706 530 2739 ex
566 2707 670 2757 qua
704 2707 831 2753 sese,
867 2690 1203 2756 prudentibus
1240 2690 1610 2757 adjuvantibuS,
1648 2690 1941 2756 explicaret.

1395 2902 1421 2970 ς
1462 2905 1536 2951 10.

407 3038 466 3088 In
506 3040 699 3106 origine
734 3047 842 3087 tum
877 3039 1263 3104 mancipationis
1297 3047 1407 3086 tum
1442 3056 1611 3086 rerum
1646 3040 1866 3106 mancipi
1911 3040 2201 3107 indaganda
2234 3042 2549 3090 versantibus
2591 3038 2742 3088 nobis

190 3132 436 3191 superest,
472 3134 530 3176 ut
564 3143 661 3193 qua
696 3127 891 3176 ratione
929 3142 1041 3175 cum
1078 3126 1239 3176 veteri
1273 3143 1365 3192 per
1390 3127 1571 3174 libram
1590 3126 1824 3175 solvendi
1845 3137 1896 3177 et
1914 3147 2010 3178 usu
2031 3139 2082 3178 et
2100 3131 2397 3178 necessitate
2418 3146 2446 3175 a
2474 3127 2741 3192 compluri-

188 3211 286 3262 bus
323 3214 615 3264 auctoribus
650 3214 835 3265 tradita
870 3231 1101 3264 connexa
1135 3213 1287 3263 fuerit
1320 3213 1626 3279 mancipat-io
1663 3223 1961 3266 scrutemur.
2052 3216 2163 3277 Qua
2216 3217 2276 3265 de
2329 3232 2381 3263 re
2435 3215 2505 3262 sic
2560 3215 2739 3263 sentio.

188 3296 496 3367 Mancipatio
535 3301 832 3369 imaginaria
869 3302 1054 3369 emptio
1091 3300 1315 3352 venditio
1368 3300 1523 3350 fuisse
1578 3300 1750 3351 fertur.
1841 3301 2055 3355 Constat
2110 3313 2274 3354 autem
2328 3318 2505 3350 omnes
2558 3309 2738 3367 gentes

188 3388 381 3454 priscas
415 3392 579 3456 prima
615 3400 794 3455 aetate,
847 3391 1075 3441 nondum
1119 3391 1325 3439 inventa
1370 3389 1598 3454 pecunia,
1652 3407 1781 3454 quae
1830 3391 2034 3457 quidem
2080 3410 2133 3440 re
2170 3408 2289 3440 vera
2324 3389 2394 3437 ita
2430 3387 2528 3436 dici
2563 3396 2741 3454 posset

191 3493 418 3541 quaeque
456 3487 591 3528 esset
623 3495 795 3528 rerum
833 3480 1058 3528 omnium
1092 3486 1271 3526 natura
1306 3476 1761 3527 diversissimarum
1797 3480 2035 3529 universa
2080 3486 2130 3528 et
2182 3478 2322 3542 quasi
2376 3477 2534 3525 civilis
2590 3494 2739 3541 quae-

190 3562 307 3611 dam
343 3580 595 3627 mensura,
631 3566 747 3615 loco
786 3567 1098 3632 emptionum
1136 3563 1481 3614 venditionum
1517 3566 1973 3629 permutationibus
2010 3582 2120 3614 esse
2157 3582 2305 3614 usas:
2362 3565 2424 3613 ab
2478 3565 2552 3626 iis,
2608 3581 2739 3629 quae

2276 3658 2301 3694 4
