3461 4168
1882 81 1937 131 ’4

841 236 1017 304 Itaque
1050 236 1339 288 mirandum
1375 254 1473 288 non
1509 246 1591 300 est,
1630 254 1738 288 eam
1776 254 1961 305 quoque
1986 253 2104 299 rem,
2141 253 2291 304 quam
2317 235 2442 287 mihi
2475 237 2790 289 tractandam
2823 236 3027 305 sumpsi,
3065 253 3216 304 quum

609 343 923 411 praesertim,
972 352 1028 393 ut
1061 344 1186 393 inter
1222 360 1387 394 omnes
1423 352 1622 406 constat,
1666 360 1765 394 non
1809 343 1951 394 modo
1990 342 2272 410 antiquitus,
2318 357 2487 398 verum
2522 341 2671 392 etiam
2706 342 3057 408 imperatorum
3092 358 3211 392 aevo

607 446 894 513 principem
929 448 1175 514 quendam
1210 448 1263 497 in
1285 450 1403 514 jure
1439 448 1665 498 Romano
1704 449 1864 498 locum
1900 448 2170 510 obtinuerit,
2207 456 2368 497 tamen
2402 463 2552 512 quum
2587 447 2691 496 veri
2724 447 2949 497 similiter
2983 446 3107 513 ipsis
3140 446 3215 496 rei

618 550 884 601 Romanae
909 552 1220 619 primordiis,
1259 561 1382 602 certe
1418 571 1515 602 non
1550 553 1621 602 ita
1658 553 1808 603 multo
1836 562 1954 619 post
1987 562 2110 616 orta,
2149 553 2202 602 in
2232 553 2349 620 jure
2385 560 2560 613 amm,
2608 552 2737 618 quod
2772 551 3088 602 Justinianus
3123 551 3211 602 im·

613 665 818 723 perator
865 658 1226 726 promulqavit,
1267 659 1477 710 sublata
1530 659 1615 721 sit,
1666 667 1872 725 propter
1923 668 2135 709 veterum
2167 658 2566 709 -testimoniorum
2618 656 2840 723 inopiam
2895 658 3214 725 coqnitionem

618 760 797 811 habere
833 771 877 811 et
911 763 1281 826 explicationem
1317 763 1681 829 difficillimam.
1756 762 1921 819 Quam
1957 764 2013 813 ob
2053 774 2258 813 c'ausam
2295 782 2443 829 quum
2478 771 2645 812 nostra
2681 770 2838 811 aetate
2863 762 3080 826 plurimi
3112 762 3213 813 viri

616 867 815 933 maqnis
851 876 894 915 et
927 869 1267 936 sagacissimis
1302 869 1512 937 inqeniis
1539 869 1764 936 praediti
1798 869 2158 937 doctissimique
2201 869 2313 917 huic
2358 870 2432 918 rei
2484 868 2814 936 explorandae
2867 884 3068 935 operam
3120 885 3207 918 na·

613 969 841 1021 vaverint
873 972 1148 1024 maximam
1204 1004 1270 1013 —
1325 972 1505 1040 quippe
1551 972 1912 1024 oblectationem
1961 972 2101 1023 habet
2134 990 2232 1027 non
2260 990 2481 1038 parvam
2516 972 2630 1039 ipsa
2665 990 2828 1023 rerum
2865 980 2966 1022 tum
3003 990 3208 1039 mayna-

614 1093 743 1137 rum,
781 1086 884 1125 tum
921 1078 1069 1126 etiam
1106 1080 1408 1128 occultarum
1446 1080 1701 1144 indayatio
1737 1108 1832 1138 —,
1876 1079 2203 1142 qravissimae
2240 1079 2363 1127 inter
2398 1079 2509 1127 illos
2545 1080 2824 1128 exstiterunt
2858 1077 3209 1126 controversiae

615 1190 661 1229 et
696 1182 1032 1232 dissensiones.
1104 1185 1384 1251 Attiqerunt
1418 1184 1621 1233 eandem
1650 1191 1850 1249 praeter
1886 1193 2060 1234 ceteros
2078 1184 2384 1233 Niebukrius
2412 1185 2465 1232 in
2490 1184 2693 1233 historia
2713 1185 2961 1246 Romana,
2997 1183 3205 1246 Puchta,

618 1280 1060 1348 Christiansenius,
1100 1282 1422 1354 Sckillinqius
1458 1285 1510 1338 in
1546 1261 1926 1339 institutionibus
1961 1286 2089 1350 suis,
2156 1286 2350 1351 Walter,
2407 1283 2845 1350 Christiansenius,
2882 1285 3115 1338 Danzius
3151 1285 3205 1338 in

614 1391 857 1455 historiis,
908 1411 1032 1459 quas
1069 1404 1450 1460 composuerunt,
1491 1396 1629 1457 juris
1668 1395 1902 1458 Romani,
1957 1394 2228 1462 Saviqnius
2263 1412 2389 1457 vero,
2448 1394 2560 1446 Car.
2600 1393 2794 1457 Sellius,
2850 1395 3199 1461 Bachofenius,

616 1496 903 1549 Husckkius
939 1498 998 1549 de
1035 1500 1204 1551 eadem
1239 1500 1315 1551 vel
1350 1501 1409 1551 de
1438 1510 1587 1567 parte
1624 1500 1772 1552 libros
1809 1502 2209 1568 conscripserunt.
2234 1505 2283 1568 ¹)
2355 1502 2474 1553 Post
2528 1502 2645 1552 haec
2699 1509 2800 1550 tam
2852 1499 3009 1549 multa
3058 1517 3089 1549 a
3141 1507 3207 1549 tot

611 1604 737 1654 viris
773 1605 1045 1656 illustribus
1081 1607 1134 1656 in
1169 1607 1341 1657 varias
1367 1616 1542 1673 partes
1577 1608 1785 1657 disserta
1841 1608 1910 1656 ad
1964 1609 2089 1657 Izanc
2138 1609 2340 1657 eandem
2385 1608 2646 1658 materiam
2666 1623 2941 1675 aqqressus
2977 1606 3029 1654 in
3063 1606 3206 1655 rebus

613 1717 703 1758 aut
736 1725 914 1759 novum
953 1719 1040 1760 aut
1076 1711 1251 1761 certius
1288 1711 1481 1778 aliquid.
1505 1713 1736 1778 juvenem
1772 1730 1847 1762 me
1884 1712 2155 1763 allaturum
2185 1729 2347 1778 paene
2374 1713 2709 1778 desperabam,
2747 1728 2833 1762 nec
2870 1727 3019 1760 essem
3049 1728 3204 1767 ausus

612 1812 856 1863 lubricam
891 1814 1085 1880 inyredi
1120 1815 1255 1865 viam
1293 1826 1336 1865 et
1380 1816 1609 1879 arduam,
1663 1817 1764 1867 nisi
1806 1818 2033 1882 praemio
2088 1817 2322 1866 invitatus
2369 1816 2662 1883 allectusque
2706 1817 2759 1865 in
2802 1817 2894 1865 hac
2941 1815 3204 1865 academia

615 1917 1184 1971 Christiana-Athenina
1221 1923 1447 1988 exposito.
1521 1923 1661 1980 Quae
1687 1924 1785 1973 viri
1809 1925 1886 1974 illi
1913 1925 1972 1974 de
2000 1941 2052 1974 re
2079 1925 2338 1990 proposita
2373 1924 2623 1987 senserint,
2660 1939 2719 1972 ea
2753 1924 2933 1990 refferre
2962 1922 3204 1998 copiosius

613 2043 675 2076 ac
712 2026 968 2095 diliqenter
1004 2037 1271 2096 attenteque
1307 2030 1612 2093 examinare,
1662 2048 1809 2097 quum
1846 2031 1957 2080 kuic
1997 2030 2387 2080 commentationi
2422 2029 2724 2095 anyustiores
2771 2029 3205 2095 circumscripserit

612 2133 857 2197 terminos,
894 2133 1104 2184 instituti
1136 2134 1235 2185 mei
1269 2136 1395 2186 ratio
1432 2153 1530 2187 non
1556 2136 1796 2202 permittit
1806 2156 1825 2197 ;
1882 2137 2084 2187 breviter
2118 2135 2344 2186 indicare
2378 2134 2500 2185 satis
2536 2135 2698 2185 habeo.

822 2318 847 2366 ¹)
873 2320 1051 2366 Sam'qnu,
1084 2322 1176 2355 uber
1201 2323 1270 2356 das
1296 2323 1441 2356 altrom.
1469 2322 1718 2357 Schularecm.
1782 2324 1982 2368 Bac-hosen,
2011 2325 2078 2357 das
2105 2324 2260 2366 Nexum,
2289 2324 2347 2356 die
2372 2322 2468 2357 Nexi'
2491 2323 2568 2355 und
2594 2323 2654 2355 die
2680 2321 2734 2355 lex
2758 2321 2909 2355 Petillia.
2975 2319 3013 2354 C.
3042 2319 3129 2364 Seu,
3156 2320 3201 2354 de

605 2388 700 2429 juris
725 2389 831 2424 Rom.
858 2398 949 2424 nexo
975 2393 1011 2424 et
1036 2391 1225 2434 mancipio.
1279 2391 1462 2435 Huschke,
1490 2392 1558 2425 aas
1584 2392 1699 2426 Recht
1723 2392 1785 2426 des
1812 2400 1942 2426 nexum
1967 2393 2043 2425 und
2071 2393 2138 2426 das
2165 2392 2236 2425 alte
2262 2395 2351 2426 rom.
2379 2390 2626 2426 Schuldrecht.
