3461 4168
1451 132 1517 178 ‘51

184 284 509 352 mpdionem
525 281 749 350 ›quidem
800 282 855 334 in
904 283 1163 350 mancipio
1211 282 1448 334 faciendo
1499 283 1565 335 de
1616 287 1782 352 pretio
1816 285 2068 337 solvendo
2104 287 2274 335 caveri
2309 295 2535 352 poterat,
2590 305 2750 352 quum

182 370 477 438 huj-modi
518 370 831 437 nuncupatio
878 370 1005 419 nihil
1052 370 1118 419 ad
1152 370 1461 436 mancipium
1498 373 1824 437 pertinuisset
1858 374 1924 422 ab
1961 391 2125 438 eoque
2163 372 2311 437 plane
2348 374 2515 422 aliena
2548 374 2746 424 fixisset.

140 490 150 498 ·
180 458 505 526 Nuncupatio
540 459 692 522 enim,
727 466 786 506 ut
818 475 1117 526 persuasum
1154 458 1280 506 mihi
1316 457 1500 521 habeo,
1534 459 1621 507 lex
1656 470 1763 509 erat
1798 460 2082 509 contractui
2107 459 2257 522 dicta,
2294 461 2379 527 qui
2407 462 2459 508 in
2489 463 2745 531 mancipio

183 562 248 596 σο
281 546 562 614 spectabat,
597 553 655 596 ut
686 562 772 595 res
807 545 1147 614 mancipanda
1180 545 1247 594 ad
1282 546 1496 596 alterum
1533 549 1904 598 transferretur.

393 632 614 685 Diversa
645 632 775 684 ratio
812 640 920 684 erat
955 632 1236 685 venditoris
1270 632 1525 700 mancipio
1562 632 1742 698 dantis,
1779 635 1865 702 qui
1903 651 1970 685 ex
2006 635 2117 702 ipsa
2150 634 2551 702 mancipatione,
2590 654 2745 703 quum

179 720 435 789 mancipio
483 719 737 788 accipiens
774 737 881 772 rem
913 736 986 784 *ex
1016 709 1143 788 jure‘
1170 718 1440 782 Quiritium
1479 736 1623 773 suam
1660 737 1769 773 esse
1803 720 2144 790 praedicaret,
2182 722 2225 774 si
2263 729 2581 790 repeteretur
2615 724 2744 791 peri-

181 808 352 860 culum
379 807 559 875 judicii
591 808 898 874 praestabat.
969 805 1073 858 Sed
1107 807 1331 859 debebat
1366 808 1428 871 ei,
1465 808 1509 859 si
1543 825 1625 859 res
1662 810 1992 872 evinceretur,
2031 818 2228 876 emptor
2263 809 2404 860 litem
2442 809 2744 861 denuntiare

183 913 399 962 eumque
437 895 719 945 vindicanti
751 914 861 946 rem
899 904 1160 945 auctorem
1194 896 1417 945 laudare.
1474 893 1625 954 Quod
1660 897 1701 945 si
1735 897 2063 963 neglexisset,
2100 898 2413 947 auctoritatis
2450 915 2601 962 agere
2636 916 2745 947 non

176 992 421 1051 poterat,
453 985 553 1033 nisi
604 984 847 1033 venditor
890 992 980 1033 aut
1016 993 1267 1047 curasset,
1319 1002 1385 1033 ne
1432 984 1531 1033 sibi
1576 984 1860 1034 denuntiari
1889 993 2093 1051 posset,
2132 1003 2286 1049 quum
2320 986 2527 1035 testatio
2566 1003 2744 1034 coram

179 1072 400 1138 quinque
435 1072 667 1134 testibus,
701 1071 791 1137 qui
823 1072 1185 1139 mancipationi
1211 1073 1562 1134 interfuerant,
1600 1072 1733 1121 facta
1759 1073 2030 1134 sufficeret,
2068 1080 2154 1120 aut
2183 1073 2234 1120 in
2256 1073 2368 1138 jure
2398 1074 2744 1140 interrogatus

178 1159 458 1227 defingisset
512 1159 892 1222 auctoritatem,
944 1146 1100 1225 quum
1145 1161 1198 1209 in
1237 1161 1352 1226 jure
1398 1160 1740 1226 interrogatus
1784 1159 2095 1226 respondere
2140 1159 2319 1208 nolens
2362 1176 2455 1225 pro
2501 1160 2740 1209 confesso

175 1245 557 1311 haberetur.⁶⁰)
630 1243 966 1297 Liberabatur
1011 1254 1181 1297 autem
1218 1246 1446 1313 periculo
1483 1245 1792 1297 defensionis
1830 1245 2068 1298 venditor
2104 1246 2376 1312 praeterito
2414 1246 2740 1312 usucapionis

176 1341 436 1401 tempore3
476 1341 589 1383 tum
622 1333 760 1384 enim
794 1342 995 1400 emptor
1026 1334 1126 1383 sibi
1159 1334 1268 1400 ipse
1307 1341 1493 1385 auctor.
1522 1334 1685 1384 factus
1723 1342 1841 1384 erat.
1911 1333 2061 1384 Actio
2101 1334 2433 1395 auctoritatis,
2483 1352 2582 1399 qua
2618 1315 2741 1384 veb-

178 1421 338 1483 ditor,
383 1422 428 1470 si
460 1438 545 1470 res
579 1421 787 1470 vendita
820 1430 1162 1488 repmretur,
1196 1423 1493 1484 tenebatur,
1530 1423 1671 1488 dupli
1706 1424 1909 1470 nomine
1948 1422 2165 1488 emptori
2203 1422 2537 1486 competebat.
2607 1421 2740 1471 Nam

176 1510 428 1562 nucitum
480 1517 614 1560 erat.
637 1510 752 1575 lege
794 1508 893 1558 XII
934 1510 1246 1572 tabularum,
1298 1518 1355 1559 ut
1400 1526 1528 1575 quae
1575 1510 1750 1576 lingua
1791 1516 2137 1576 nuncupasset
2180 1509 2264 1574 qui
2308 1508 2552 1558 infitiatus
2590 1518 2740 1570 esset,

177 1598 318 1664 «inpii
361 1615 583 1663 poenam
619 1598 927 1663 subiret.⁶⁰)
995 1597 1106 1646 Hac
1145 1599 1280 1646 enim
1316 1599 1371 1646 in
1403 1599 1517 1664 lege
1552 1598 1785 1646 infitiatio
1824 1606 1931 1646 erat
1964 1615 2061 1663 pro
2098 1596 2483 1661 mendacio.⁶¹)
2555 1595 2652 1654 Qui
2687 1597 2741 1645 in

175 1684 430 1749 mancipio
468 1682 703 1733 faciendo
740 1701 913 1732 coram
946 1684 1161 1733 testibus
1196 1684 1373 1748 populi
1407 1684 1595 1733 classes
1632 1683 2047 1733 adumbrantibus
2078 1701 2132 1732 se
2162 1701 2270 1732 rem
2301 1682 2542 1746 emptoris
2572 1683 2741 1732 facere

179 1789 390 1837 eamque
438 1771 628 1820 habere
673 1787 756 1819 res
793 1778 957 1820 certas
993 1771 1360 1837 qualitatesque
1396 1772 1627 1837 proprias
1664 1771 1900 1832 dixisset,
1938 1788 2080 1832 eum,
2129 1771 2172 1819 si
2208 1770 2446 1818 mentitus
2483 1778 2641 1832 esset,
2685 1771 2739 1819 in

178 1858 389 1924 duplum
436 1858 571 1923 ejus,
625 1856 762 1922 quod
808 1864 943 1907 esset
987 1858 1255 1920 mentitus,
1311 1859 1573 1908 conveniri
1606 1859 1693 1907 lex
1729 1858 1944 1907 volebat.
2017 1855 2363 1917 Quamobrem
2399 1874 2505 1905 non
2539 1865 2739 1906 tantum

179 1945 224 1995 si
273 1963 357 1993 res
409 1952 582 2010 empta
626 1933 768 2009 justo
815 1941 1007 2008 judicio
1062 1944 1303 2010 repetita,
1358 1963 1539 1993 verum
1592 1945 1746 1993 etiam
1791 1944 1833 1993 si
1869 1944 1966 1992 alia
1999 1944 2052 1992 in
2089 1943 2467 2009 nuncupatione
2506 1943 2590 1992 vel
2624 1943 2738 2009 lege

176 2033 417 2099 mancipii
452 2032 588 2081 dicta
622 2031 970 2099 promissaque
1006 2032 1218 2081 inventa
1248 2051 1356 2081 non
1392 2042 1577 2095 essent,
1612 2034 1754 2082 velut
1788 2033 1830 2081 si
1857 2033 2117 2098 majorem,
2157 2051 2308 2097 quam
2343 2041 2492 2093 esset,
2528 2031 2740 2080 modum

178 2122 310 2189 agri,
362 2122 447 2171 vel
480 2120 695 2170 fundum
732 2121 981 2186 optimum
1015 2122 1421 2188 maximumque,
1474 2138 1629 2188 quum
1666 2122 1899 2184 serviret,
1951 2121 2190 2170 venditor
2226 2121 2453 2169 dixisset.
2521 2119 2740 2186 Propter

176 2208 303 2260 vitia
338 2224 478 2269 vero,
516 2207 698 2274 quibus
734 2206 972 2258 venditor
1006 2224 1116 2260 rem
1150 2208 1369 2260 solutam
1404 2226 1509 2260 non
1546 2208 1759 2272 dixerat,
1796 2224 1859 2259 ex
1894 2208 2149 2275 mancipio
2180 2207 2451 2258 obstrictus
2480 2224 2585 2258 non
2615 2215 2738 2258 erat.

175 2295 300 2348 Ideo
337 2296 382 2346 si
417 2313 622 2346 servum
659 2312 854 2358 sanum,
888 2295 1034 2347 furtis
1069 2297 1319 2362 noxisque
1356 2298 1580 2347 solutum
1614 2314 1719 2347 non
1754 2296 2081 2362 promisisset,
2120 2304 2316 2361 emptor
2353 2295 2487 2345 vitiis
2514 2295 2735 2345 inventis

181 2383 247 2434 ad
283 2384 535 2436 actionem
571 2383 754 2449 empti,
789 2401 919 2448 quae
952 2383 1006 2432 in
1043 2384 1283 2449 simplum
1319 2383 1559 2447 dabatur,
1594 2385 1810 2449 rejectus
1847 2393 1968 2434 erat.
2039 2385 2086 2433 A
2115 2385 2227 2449 jure
2265 2383 2509 2433 consultis
2545 2391 2735 2448 autem,

180 2480 238 2522 ut
273 2471 343 2521 ait
378 2470 574 2533 Cicero,
609 2471 765 2520 etiam
797 2470 1091 2520 reticentiae
1127 2488 1296 2536 poena
1331 2480 1409 2521 est
1444 2472 1728 2521 constituta..
2094 2473 2098 2478 '

393 2558 685 2608 Huschkius
720 2557 927 2624 quidem
960 2576 1124 2624 nuper
1161 2560 1417 2609 actionem
1450 2560 1760 2609 auctoritatis
1797 2577 1888 2625 per
1924 2577 1978 2609 se
2014 2560 2067 2608 in
2103 2559 2341 2624 simplum
2369 2566 2571 2608 tantum
2602 2576 2738 2608 com-

178 2655 438 2713 petmtem
489 2641 758 2696 infitiando
809 2646 863 2695 in
916 2645 1128 2711 duplum
1179 2648 1400 2697 crevisse
1454 2648 1693 2697 defendit.
1717 2649 1800 2712 ⁶²)
1868 2646 1971 2696 Sed
2002 2646 2192 2696 Paulus
2227 2664 2334 2696 non
2370 2655 2592 2708 tantum,
2647 2647 2739 2695 ubi

179 2735 409 2786 actiones
439 2734 493 2784 in
531 2733 742 2801 duplum
775 2732 1075 2784 infitiatione
1114 2743 1400 2786 crescentes
1440 2743 1715 2798 enumerat,
1750 2734 1812 2784 de
1848 2733 1942 2784 hac
1979 2733 2177 2784 actione
2204 2734 2335 2796 silet,
2372 2750 2550 2784 verum
2582 2732 2736 2784 etiam

178 2822 416 2873 universe
468 2821 596 2872 dicit.
644 2820 966 2871 venditorem
1006 2838 1062 2871 re
1110 2824 1399 2891 mancipata
1444 2824 1606 2874 evicta
1646 2822 1955 2872 auctoritatis
1998 2821 2153 2888 duplo
2199 2829 2352 2872 tenus
2399 2821 2626 2888 obligari.
2650 2822 2736 2882 ⁶³)

178 2907 474 2972 Praeterea,
528 2908 666 2975 quod
718 2925 783 2958 ex
827 2907 983 2959 L126
1032 2907 1061 2975 ξ
1099 2911 1126 2959 7
1175 2909 1237 2960 D.
1280 2911 1343 2962 de
1391 2911 1538 2962 cond.
1574 2910 1739 2961 indeb.
1780 2917 1834 2959 et
1863 2907 1919 2958 L.
1957 2910 2022 2958 74
2067 2926 2142 2974 pr.
2179 2908 2241 2959 D.
2282 2909 2345 2959 de
2382 2910 2528 2960 evict.
2567 2909 2735 2974 colligi

178 3013 333 3062 posse
385 2996 615 3058 videtur,
663 3013 759 3047 nec
811 2993 1026 3064 indebiti
1066 2996 1324 3049 condictio
1368 2999 1576 3049 exclusa
1622 3005 1728 3047 erat
1774 3004 1824 3046 et
1857 3003 2006 3061 pacto
2043 2995 2212 3047 decidi
2247 3005 2461 3063 poterat.
2518 3026 2581 3034 ——
2649 2994 2733 3045 Ad

181 3083 532 3152 duplationem
567 3102 764 3148 eorum,
808 3101 936 3151 quae
972 3083 1024 3133 in
1058 3083 1172 3151 lege
1207 3088 1445 3154 mancipii
1482 3105 1512 3135 a
1544 3086 1807 3136 venditore
1843 3084 1983 3134 dicta
2014 3087 2364 3153 promissaque
2400 3095 2542 3147 sunt,
2594 3082 2733 3150 quod

383 3258 434 3306 ⁴⁹)
455 3262 495 3295 1..
524 3257 584 3305 29,
610 3259 629 3306 5
654 3258 690 3294 2.
740 3262 782 3296 L.
810 3258 869 3305 56,
896 3259 915 3306 ξ
940 3256 1047 3294 5-7.
1100 3260 1141 3292 L.
1168 3256 1216 3293 3⁹
1242 3261 1304 3295 fin.
1333 3262 1379 3294 Ι).
1405 3263 1448 3295 de
1475 3263 1575 3295 evici..

385 3320 418 3342 ⁸⁰
459 3323 531 3358 Cic.
560 3324 604 3358 de
630 3324 689 3358 off.
718 3324 768 3357 ΙΙΙ
814 3319 869 3357 16.

383 3324 433 3429 ⁸¹}
455 3384 620 3430 Rudorm
646 3348 855 3428 Zeiuciriss
875 3385 938 3428 fiir
962 3382 1162 3427 quohichtl.
1191 3382 1578 3425 Rechtswissenschare.
1617 3380 1711 3425 ΧΠ,
1740 3391 1772 3424 p.
1802 3380 1888 3417 428.
1918 3381 2004 3418 447.

385 3442 432 3487 ⁸²)
460 3447 573 3481 flecht
596 3447 657 3481 dcc
683 3446 824 3480 Nexum
848 3456 884 3489 p.
919 3442 997 3479 ¹88.

383 3503 431 3550 ⁶³)
456 3508 556 3544 m.
582 3508 622 3546 8.
648 3509 691 3543 R.
717 3508 830 3544 XVH.
862 3507 898 3552 Ι,
921 3505 958 3543 3.
1005 3506 1187 3549 Venditor,
1210 3506 1246 3540 si
1266 3506 1343 3546 ejus
1370 3507 1432 3550 rei,
1457 3514 1567 3549 quam
1590 3505 1802 3548 vendiderit,
1824 3506 1992 3547 dominns
2018 3515 2087 3539 non
2110 3506 2170 3549 sit,
2198 3505 2309 3547 pretio
2333 3507 2474 3546 accepto
2500 3503 2723 3537 auctoritatis

184 3569 342 3603 manebit
368 3568 551 3603 obnoxius.
604 3569 718 3605 Aliter
744 3571 838 3604 enim
865 3580 934 3604 non
963 3573 1079 3613 potest
1104 3568 1258 3610 obligari.
1319 3566 1335 3611 §
1361 3565 1395 3602 3.
1446 3568 1517 3602 Res
1543 3571 1674 3609 empta,
1713 3568 1973 3611 mancipatione
1999 3573 2034 3602 et
2057 3567 2239 3602 traditione
2268 3565 2432 3610 pertenta,
2475 3566 2505 3599 si
2532 3566 2728 3612 eyincntur,

186 3632 402 3667 :actoritatis
429 3632 588 3666 venditor
612 3633 724 3676 duplo
746 3637 850 3667 tenus
875 3633 1060 3676 obligatur.

2105 3698 2163 3740 ’[ήέ
