3461 4168
643 306 927 373 grandibus
962 305 1255 370 margaritis
1292 305 1589 369 impositum
1624 304 1795 364 fuisse,
1836 301 1941 364 „Et
1976 302 2076 351 hoc
2111 309 2300 361 tamen,
2336 300 2515 364 inquit,
2550 308 2789 353 aeternae
2826 320 2986 368 prope
3020 319 3221 368 posset-

641 394 802 443 sionis
841 400 932 454 est,
971 392 1201 458 sequitur
1236 392 1497 453 heredem,
1533 392 1584 441 in
1623 392 1965 456 mancipatum
2001 388 2157 449 venit,
2193 396 2250 438 ut
2284 387 2547 453 praedium
2587 387 2839 452 aliquod.“
2894 389 3035 441 Haec
3061 389 3223 441 verba

636 479 805 543 Plinii,
841 480 1050 531 tametsi
1086 480 1215 533 nihil
1250 496 1425 529 moror
1461 479 1732 544 quominus
1771 477 1834 528 de
1873 475 2246 542 mancipatione
2283 474 2562 540 intelligam
2600 475 2743 540 (sunt.
2771 475 2922 538 enim,
2962 477 3047 542 qui
3076 477 3220 526 aliter

638 584 753 616 rem
792 567 1090 632 explicent),
1138 567 1346 616 minime
1384 566 1602 630 probare
1641 566 1861 615 arbitror
1900 565 2112 614 uniones
2148 580 2232 612 res
2267 561 2487 627 mancipi
2541 562 2696 613 fuisse
2747 562 3055 628 eosdemque
3110 565 3223 616 sola

636 654 1018 719 mancipatione
1057 654 1330 719 acquisitos
1369 670 1495 702 esse.
1566 651 1875 717 Mancipatio
1914 652 2061 712 enim,
2101 650 2333 714 quamvis
2369 650 2422 700 in
2458 649 2611 700 rebus
2647 666 2743 698 nec
2780 650 3000 715 mancipi
3029 651 3216 702 nullius

638 750 778 792 esset
814 743 1064 793 momenti
1099 760 1194 791 nec
1231 740 1295 790 ad
1343 740 1710 806 obligationem
1756 739 2163 790 constituendam
2202 756 2297 788 nec
2337 738 2403 789 ad
2455 738 2737 791 dominium
2791 738 3218 802 transferendum,

643 839 820 879 tamen
855 831 1117 880 traditioni
1155 846 1220 877 ex
1249 829 1389 893 justa
1425 845 1579 875 causa
1614 827 1779 875 factae
1820 828 2068 877 accedens
2105 844 2209 875 non
2245 827 2497 877 nocebat:
2552 826 2672 890 quin
2709 826 2926 876 testibus
2962 827 3215 891 mancipio

640 918 895 982 accipiens
931 925 1111 982 postea
1146 916 1219 978 uti
1255 922 1471 979 poterat,
1527 914 1711 978 quibus
1767 921 1878 962 tum
1914 914 2254 972 traditionem,
2308 919 2419 962 tum
2454 913 2715 978 negotium
2762 913 2955 977 justam
3009 929 3217 963 causam

638 1004 876 1054 tradendi
911 1004 1165 1068 praebens
1201 1001 1575 1066 comprobaret.
1667 999 1834 1049 Etiam
1883 1001 1933 1050 in
1980 1002 2132 1050 rebus
2168 999 2388 1064 mancipi
2435 1017 2489 1050 se
2527 999 2852 1050 moventibus
2887 999 3217 1051 traditionem

638 1092 952 1155 plerumque,
1007 1089 1285 1152 antiquitus
1332 1105 1456 1136 vero
1495 1088 1600 1135 fere
1640 1104 1843 1150 semper
1881 1104 1995 1136 cum
2033 1086 2406 1151 mancipatione
2444 1087 2768 1153 conjunctam
2804 1087 2975 1147 fuisse,
3011 1087 3216 1137 tametsi

637 1194 850 1226 necesse
888 1176 987 1225 hoc
1024 1193 1129 1226 non
1168 1183 1317 1236 esset,
1372 1175 1481 1224 veri
1518 1183 1594 1225 est
1632 1174 1956 1224 simillimum.
2046 1174 2160 1224 Hoc
2205 1174 2355 1240 igitur
2401 1189 2465 1222 ex
2512 1174 2627 1222 loco
2665 1172 2815 1224 Plinii
2851 1173 3106 1235 discimus,
3159 1174 3213 1224 in

636 1264 914 1315 unionibus
954 1292 1016 1300 —
1058 1271 1108 1312 et
1144 1262 1480 1328 probabiliter
1517 1262 1568 1311 in
1606 1261 1716 1311 aliis
1754 1278 1957 1326 quoque
1995 1263 2149 1313 rebus
2188 1271 2238 1312 ct
2273 1261 2508 1327 pretiosis
2544 1269 2595 1311 et
2630 1261 2881 1312 diuturnis
2933 1288 3000 1297 -
3050 1269 3211 1312 trans-

638 1351 864 1401 ferendis
900 1351 1333 1416 mancipationem
1370 1350 1529 1415 ipsius
1565 1349 1881 1414 temporibus
1920 1348 2198 1400 admodum
2234 1350 2468 1399 usitatam
2505 1349 2675 1399 fuisse.

858 1438 916 1487 In
954 1439 1108 1487 rebus
1146 1438 1367 1504 mancipi
1404 1437 1710 1502 mancipatio
1749 1436 1874 1486 nihil
1911 1445 2021 1485 erat
2056 1437 2208 1498 aliud,
2264 1446 2413 1503 atque
2461 1437 2512 1485 in
2549 1437 2702 1486 rebus
2738 1454 2833 1486 nec
2869 1439 3103 1504 mancipi,
3157 1439 3211 1488 in

635 1528 752 1594 ⁸iure
789 1526 1116 1577 Justinianeo
1156 1526 1208 1575 in
1246 1526 1482 1576 omnibus
1519 1525 1672 1574 rebus
1707 1524 1929 1585 traditio,
1967 1525 2134 1573 forma
2171 1525 2381 1575 dominii
2410 1523 2763 1586 transferendi,
2799 1534 2970 1574 tamen
3002 1526 3214 1592 insignis

639 1623 916 1681 propterea
954 1613 1109 1679 quod,
1144 1621 1202 1661 ut
1236 1613 1441 1663 traditio
1474 1613 1602 1678 juris
1640 1612 1882 1678 gentium,
1937 1612 2007 1661 ita
2042 1612 2153 1676 ipsa
2190 1621 2334 1662 actus
2371 1620 2478 1662 erat
2514 1612 2739 1660 omnium
2775 1613 2996 1661 maxime
3036 1614 3213 1669 civilis.

639 1702 791 1753 Nuda
845 1710 1015 1751 autem
1068 1700 1309 1763 traditio,
1363 1709 1419 1750 ut
1471 1700 1660 1749 Paulus
1716 1701 1767 1748 in
1821 1699 1874 1747 L.
1913 1702 1975 1748 31
2033 1717 2106 1764 pr.
2163 1699 2227 1748 de
2266 1700 2452 1764 acquir.
2490 1717 2583 1747 rer.
2632 1699 2766 1748 dom.
2815 1700 2898 1761 ait,
2952 1718 3215 1765 nunquam

639 1789 884 1839 transfert
920 1788 1221 1849 dominium,
1277 1787 1369 1837 sed
1423 1788 1493 1836 ita
1538 1788 1580 1836 si
1616 1786 1843 1836 venditio
1883 1794 1969 1834 aut
2006 1786 2176 1850 aliqua
2223 1786 2363 1850 justa
2399 1803 2552 1834 causa
2602 1787 2952 1850 praecesserit,
3007 1796 3216 1852 propter

645 1893 798 1941 quam
836 1875 1042 1925 traditio
1081 1883 1395 1940 sequeretur.
1484 1874 1550 1923 Et
1587 1874 1816 1922 similiter
1852 1872 2100 1937 Ulpianus
2155 1872 2385 1937 (Fragm.
2422 1872 2556 1921 XIX.
2596 1873 2657 1937 7)
2709 1873 2844 1934 dicit,
2898 1891 3068 1922 rerum
3120 1892 3217 1924 nec

639 1962 865 2029 mancipi
901 1961 1130 2012 dominia
1165 1961 1276 2030 ipsa
1311 1961 1585 2011 traditione
1624 1960 1953 2027 apprehendi,
2007 1960 2048 2008 si
2087 1977 2151 2009 ex
2183 1961 2324 2026 justa
2361 1977 2515 2008 causa
2550 1959 2764 2009 traditae
2812 1961 2925 2009 sint,
3014 1960 3218 2011 Etenim

640 2050 849 2101 traditio
886 2067 978 2114 per
1015 2067 1069 2098 se
1105 2067 1188 2100 res
1225 2051 1360 2111 facti,
1416 2068 1520 2099 non
1566 2050 1693 2114 juris
1732 2057 1823 2108 est,
1880 2065 2036 2113 quum
2089 2065 2195 2097 non
2248 2055 2448 2097 tantum
2503 2048 2715 2096 dominii
2767 2049 2997 2097 mutandi
3049 2067 3216 2111 causa,

642 2153 823 2188 verum
860 2136 1128 2201 permultis
1165 2136 1274 2186 aliis
1312 2153 1377 2185 ex
1415 2136 1596 2197 causis,
1633 2136 1775 2185 velut
1814 2134 1878 2184 ad
1917 2133 2321 2195 custodiendum,
2377 2134 2823 2197 commodandum,
2878 2136 3064 2201 pignus
3100 2154 3218 2185 con-

644 2222 960 2276 stituendum
996 2239 1081 2272 res
1116 2222 1395 2273 tradantur.
1478 2222 1630 2272 Justa
1667 2238 1823 2272 causa
1868 2220 2103 2271 tradendi
2146 2220 2313 2286 posita
2360 2227 2440 2269 est
2484 2220 2535 2269 in
2582 2221 2845 2271 voluntate
2891 2223 3110 2288 partium
3154 2222 3219 2272 ad

642 2328 753 2361 rem
791 2309 1115 2359 alienandam
1153 2309 1619 2374 acquirendamque
1657 2308 2095 2358 consentientium.
2160 2306 2285 2365 -Qui
2321 2325 2605 2356 consensus
2647 2308 2889 2357 deficiens
2939 2310 3106 2370 efficit,
3163 2318 3222 2359 ut

641 2398 717 2447 rei
754 2396 972 2447 traditae
1010 2396 1146 2464 apud
1182 2397 1407 2461 priorem
1445 2396 1709 2446 dominum
1746 2395 2026 2445 dominium
2063 2403 2279 2444 maneat.
2351 2392 2596 2443 Diversae
2635 2403 2753 2443 sunt
2791 2412 2972 2444 causae
3009 2394 3221 2444 dominii

642 2501 735 2551 per
788 2482 1118 2536 traditionem
1171 2483 1530 2546 transferendi,
1585 2482 1829 2545 venditiO,
1883 2482 2205 2550 permutatio,
2262 2481 2464 2544 soluti0‚
2519 2482 2680 2531 mutui
2727 2481 2880 2544 datio,
2927 2483 3220 2546 transactio,

645 2572 782 2620 dotis
821 2572 1136 2632 constitutio,
1175 2571 1385 2620 donatio
1425 2573 1567 2620 aliae.
1659 2571 1852 2620 Omnes
1901 2571 2193 2637 hujusmodi
2231 2588 2412 2618 causae
2450 2570 2683 2618 tradendi
2720 2599 2786 2605 —
2822 2579 3023 2635 praeter
3058 2572 3221 2620 mutui

644 2659 922 2720 dationem,
980 2676 1110 2724 quae
1148 2666 1332 2707 natura
1369 2676 1460 2707 sua
1496 2659 1672 2723 utiquc
1711 2659 1762 2707 in
1801 2659 1953 2708 rebus
2003 2676 2095 2707 nec
2150 2657 2371 2722 mancipi
2425 2665 2657 2705 versatur
2709 2687 2776 2693 —
2831 2659 2982 2706 etiam
3037 2676 3219 2707 causae

647 2754 805 2808 erant,
846 2764 910 2795 ex
948 2745 1132 2811 quibus
1169 2763 1251 2795 res
1288 2745 1719 2811 manciparentur.
1792 2744 1895 2794 Sed
1932 2746 2205 2811 quaeritur,
2253 2762 2375 2793 num
2412 2762 2621 2794 necesse
2658 2744 2810 2794 fuerit
2845 2745 2998 2794 talem
3030 2746 3221 2810 justam

648 2849 852 2882 causam
891 2833 1116 2895 subesse,
1152 2840 1212 2883 ut
1247 2833 1443 2883 valeret
1478 2833 1801 2900 mancipatio.
1892 2832 1949 2881 In
1986 2833 2361 2898 mancipatione
2398 2850 2503 2882 non
2539 2831 2784 2893 similiter,
2839 2840 2991 2897 atque
3036 2832 3087 2879 in
3123 2840 3220 2880 tra-

647 2918 942 2979 ditionibus,
997 2921 1169 2983 quaeri
1207 2928 1423 2984 poterat,
1478 2938 1579 2984 qua
1614 2921 1897 2969 intentione
1936 2937 2101 2983 quove
2140 2919 2353 2968 consilio
2389 2926 2731 2984 perageretur,
2789 2935 2943 2982 quum
2980 2919 3031 2966 in
3068 2919 3221 2969 rebus

646 3022 851 3071 semper
869 3006 1016 3055 fieret
1034 3006 1450 3073 dominiijurisve
1486 3008 1827 3058 transferendi
1864 3025 2029 3057 causa.
2084 3007 2227 3057 Licet
2263 3007 2398 3056 enim
2433 3023 2516 3057 res
2550 3005 2939 3070 manciparetur,
2976 3013 3033 3055 ut
3066 3007 3224 3058 tutius

646 3093 783 3159 apud
821 3092 1044 3143 amicum
1082 3102 1228 3155 esset,
1264 3096 1347 3144 vel
1384 3095 1639 3160 mancipio
1677 3096 1931 3160 accipiens
1970 3113 2029 3144 ea
2064 3112 2156 3160 per
2195 3102 2389 3143 certum
2424 3102 2627 3159 tempus
2665 3100 2904 3154 uteretur,
2959 3093 3041 3143 vel
3078 3094 3223 3158 quasi

645 3181 876 3248 pignoris
931 3181 1049 3229 loco
1105 3179 1339 3243 haberet,
1394 3182 1552 3232 nihilo
1612 3183 1779 3232 minus
1835 3182 2117 3231 dominium
2170 3181 2586 3231 transferebatur.
2693 3176 3014 3246 Quapropter
3069 3197 3224 3231 causa

645 3269 973 3336 mancipandi
1013 3268 1306 3335 quaerenda
1340 3288 1444 3321 non
1482 3280 1603 3334 erat,
1641 3290 1735 3322 nec
1774 3270 2037 3338 Ulpianus,
2078 3271 2162 3337 qui
2198 3271 2250 3320 in
2285 3270 2400 3320 loco
2432 3267 2587 3319 modo
2619 3266 2838 3319 adducto
2865 3269 2917 3319 in
2947 3268 3222 3320 traditione

649 3358 715 3409 ad
769 3357 1055 3408 dominium
1111 3357 1474 3422 acquirendum
1522 3360 1712 3423 justam
1767 3378 1972 3409 causam
2028 3359 2252 3424 requirit,
2307 3358 2396 3407 ubi
2450 3356 2512 3405 dc
2557 3356 2928 3421 mancipatione
2985 3358 3102 3423 agit,
3157 3358 3221 3409 de

649 3463 803 3494 causa
838 3446 1074 3511 loquitur.
1167 3443 1342 3504 Quid?
1398 3446 1438 3493 si
1482 3465 1603 3494 vera
1651 3467 1803 3496 causa
1850 3449 1989 3496 nulla
2034 3449 2281 3507 subesset,
2336 3454 2576 3492 tamenne
2623 3446 2928 3511 mancipatio
2985 3446 3221 3494 effectum

649 3550 797 3580 suum
836 3533 1046 3580 dominii
1083 3533 1427 3581 transferendi
1465 3533 1724 3582 habebat?
1795 3536 1859 3583 Et
1898 3537 1938 3583 si
1988 3553 2052 3582 ex
2098 3551 2251 3580 causa
2299 3532 2607 3579 venditionis
2661 3551 2714 3581 re
2768 3535 3057 3600 mancipata
3110 3551 3219 3599 pre-

647 3620 774 3669 tium
811 3638 906 3668 nec
946 3622 1167 3669 solutum
1206 3638 1300 3669 nec
1354 3619 1602 3669 creditum
1649 3638 1741 3668 nec
1789 3622 1911 3670 satis
1967 3639 2027 3669 eo
2084 3621 2289 3669 nomine
2348 3618 2521 3667 datum
2578 3629 2725 3682 esset,
2781 3639 2903 3669 num
2957 3621 3083 3669 haec
3136 3637 3219 3669 res
