3461 4168
1930 113 1997 164 50

673 266 977 321 infitiatione
1013 266 1069 319 in
1104 266 1317 335 duplum
1351 266 1459 319 ibat
1491 266 1555 319 lis
1589 266 1644 319 in
1682 266 1919 319 omnibns
1955 269 2138 333 causis,
2175 288 2304 337 quae
2335 286 2403 321 ex
2430 266 2761 321 damnatione
2788 267 3258 335 proficiscebantur

671 354 753 408 De
803 356 1003 408 act-ione
1046 355 1288 421 judicati,
1341 355 1515 406 damni
1554 355 1769 421 injuriae
1818 372 1884 405 ex
1917 356 2032 420 lege
2068 356 2300 422 Aquilia,
2353 356 2573 420 denique
2612 355 2677 406 de
2711 356 2896 421 legator
2911 374 3013 422 >per
3049 356 3257 406 damna-

672 429 872 494 tionem
924 444 1103 494 relicto
1159 444 1257 493 hoc
1311 451 1451 493 certo
1501 442 1796 508 scimus.⁵⁶)
1865 442 1991 492 Erat
2028 461 2089 492 ea
2125 461 2298 509 poena
2328 444 2383 493 in
2417 461 2474 492 re
2505 442 2735 508 judicata
2770 451 2965 492 temere
2998 444 3260 512 litigantis,

675 533 763 598 qui
800 533 1107 581 sententiam
1143 533 1335 581 nullam
1371 548 1486 580 esse
1524 532 1698 580 dicens
1734 532 1919 580 iterum
1954 548 2063 579 rem
2095 533 2148 581 in
2173 533 2421 598 judicium
2450 531 2738 580 deduceret.
2785 530 3260 599 Eandempoenam

675 621 865 670 deinde
902 620 1154 687 quaedam
1189 621 1330 686 leges
1367 620 1656 685 specialiter
1691 627 1987 682 sanxerunt,
2022 620 2165 668 velut
2198 619 2492 686 Aquilia.et
2523 618 2757 668 Publilia.
2818 617 2960 679 Quae
2994 632 3155 685 quum
3188 619 3261 670 ita

678 708 797 771 sint,
834 723 994 775 quum
1026 722 1217 756 nexum
1254 705 1582 755 damnatione
1618 706 1883 770 niteretur,
1919 723 2074 774 quum
2109 697 2349 757 universe
2385 706 2518 757 inter
2545 722 2656 756 rem
2679 704 2959 773 judicatam
2989 712 3042 757 et
3066 720 3261 758 nexum

677 812 872 863 magna
904 794 1242 845 intercederet
1277 793 1573 855 similitude,
1609 809 1866 860 quumque
1905 794 2070 850 etiam
2090 793 2248 860 legati
2281 809 2374 860 per
2409 793 2792 845 damnationem
2826 793 3006 857 relicti,
3036 793 3107 844 de
3140 809 3259 860 quo,

681 883 813 934 sicut
840 882 904 933 de
934 899 1086 932 causa
1108 880 1324 946 judicati
1351 888 1402 930 et
1432 880 1498 931 de
1526 897 1662 930 nexo
1694 897 1786 945 per
1805 898 1892 931 aes
1913 890 1963 932 et
1980 882 2161 931 libram
2179 881 2608 944 liberatiofffiebat,
2635 881 2938 933 infitiatione
2965 882 3019 932 in
3047 880 3259 947 duplum

680 969 747 1020 lis
779 976 1043 1030 cresceret,
1081 967 1294 1018 dubium
1324 985 1440 1018 esse
1468 987 1574 1017 non
1599 975 1787 1033 potest,
1823 969 1944 1034 quin
1976 968 2097 1018 nexi
2117 986 2319 1034 quoque
2355 987 2511 1019 causa
2542 969 2810 1020 infitiando
2848 968 3060 1035 duplata
3090 969 3258 1031 fuerit,

682 1058 906 1107 maxime
942 1064 1218 1122 propterea
1252 1055 1391 1121 quod
1429 1057 1581 1106 etiam
1616 1056 1669 1105 in
1703 1073 1842 1105 nexo
1881 1058 2161 1124 obligatum
2196 1074 2289 1122 per
2323 1073 2509 1107 manus
2543 1058 2870 1124 injectionem
2907 1057 3172 1123 agebatur,
3203 1064 3262 1106 ut

681 1146 735 1193 in
764 1143 1063 1209 judicatum.
1133 1142 1296 1193 Erant
1343 1152 1512 1193 autem
1561 1161 1677 1192 cum
1722 1145 1810 1192 illa
1845 1145 2160 1193 infitiationis
2196 1161 2368 1210 poena
2400 1145 2529 1194 haec
2566 1146 2864 1211 conjuncta,
2918 1143 3055 1209 quod
3091 1158 3259 1209 neque

679 1231 966 1281 indebitum
1003 1232 1244 1294 solutum,
1282 1231 1513 1297 quamvis
1549 1230 1615 1279 ab
1651 1231 1937 1297 ignorante,
1972 1231 2246 1299 repeti,⁶⁸)
2282 1247 2380 1282 nec
2414 1238 2569 1298 pacto
2604 1231 2773 1282 decidi
2804 1231 3111 1299 poterat-⁶⁷)

898 1317 1136 1381 Vindex,
1172 1318 1259 1385 qui
1294 1318 1586 1369 interventu
1622 1334 1715 1368 suo
1747 1318 2034 1384 judicatum
2071 1319 2154 1370 vel
2184 1319 2299 1385 jure
2334 1318 2458 1369 nexi
2494 1317 2792 1369 damnatum
2827 1319 3097 1381 liberarat,
3144 1333 3261 1369 eum

678 1405 790 1455 sine
828 1405 984 1456 dubio
1021 1424 1179 1456 manu
1212 1406 1400 1471 injecta
1435 1404 1644 1454 domum
1681 1406 1937 1456 abducere
1975 1415 2027 1456 et
2059 1407 2286 1473 pignoris
2320 1407 2437 1455 loco
2474 1407 2695 1455 retinere
2731 1415 2953 1472 poterat,
2990 1407 3120 1456 sicut
3148 1407 3257 1472 ipse

679 1492 918 1544 creditor.
989 1492 1050 1543 Id
1104 1494 1248 1560 sequi
1298 1492 1499 1543 videtur
1549 1510 1615 1542 ex
1655 1494 1771 1560 jure
1807 1496 2059 1562 pignoris,
2116 1495 2251 1561 quod
2286 1496 2339 1545 in
2374 1494 2642 1561 redempto
2681 1494 2745 1543 ab
2782 1494 3016 1544 hostibus
3051 1495 3119 1557 is,
3173 1494 3259 1560 qui

677 1580 985 1645 redemerat,
1025 1581 1354 1647 habebat-'’fl)

1899 1729 1927 1797 ς
1966 1731 2045 1780 23.

899 1863 1043 1914 Haec
1081 1864 1145 1915 de
1180 1882 1317 1914 nexo
1354 1866 1406 1915 in
1441 1866 1696 1915 universo.
1769 1864 2038 1931 Superest,
2085 1876 2142 1917 ut
2187 1867 2523 1931 inquiramus,
2572 1863 2693 1929 quid
2730 1863 3056 1914 statuendum
3094 1865 3158 1914 sit
3194 1864 3257 1915 de

677 1949 1078 2018 obligationibus
1117 1969 1183 1999 ex
1218 1952 1676 2019 mancipationibus
1716 1953 1960 2015 oriundiS,
2001 1962 2051 2002 et
2089 1972 2211 2002 num
2247 1971 2369 2003 vere
2407 1953 2508 2002 dici
2533 1954 2735 2020 possint
2763 1953 2886 2001 nexi
2918 1952 3258 2022 obligationes

677 2041 823 2106 qnasi
875 2058 969 2107 per
1022 2057 1111 2089 aes
1170 2049 1221 2088 et
1272 2041 1455 2088 libram
1509 2049 1814 2090 contractae,
1897 2041 2301 2110 Mancipationes
2344 2050 2454 2092 tum
2500 2042 2772 2110 potestatis
2806 2042 2859 2090 in
2894 2041 3059 2091 libera
3093 2040 3260 2108 capita

674 2127 975 2192 mutandae,
1011 2136 1122 2178 tum
1159 2145 1331 2178 rernm
1367 2129 1586 2196 mancipi
1621 2129 2093 2181 transferendamm
2130 2147 2282 2181 causa
2318 2138 2368 2181 et
2401 2129 2502 2181 hoc
2537 2129 2861 2197 potissimum
2898 2128 3111 2180 consilio
3148 2136 3259 2195 per·

675 2216 973 2284 agebantur.
1045 2215 1166 2296 dam
1219 2233 1344 2268 vero
1399 2217 1586 2284 emptio
1640 2216 1896 2280 venditi0,
1950 2225 2306 2285 praeterquam
2361 2215 2498 2284 quod
2543 2217 2735 2284 justam
2787 2216 3001 2284 praebet
3053 2232 3259 2267 causam

675 2303 887 2354 dominii
924 2305 1293 2367 transferendi,
1343 2305 1492 2354 etiam
1527 2313 1757 2355 mutuam
1794 2305 1957 2373 gignit
1995 2306 2385 2372 obligationem,
2423 2324 2577 2372 quum
2614 2312 2817 2372 emptor
2852 2303 3110 2354 venditori
3144 2321 3257 2371 pre-

672 2392 800 2442 tium
836 2392 1065 2454 tradere,
1119 2391 1362 2442 venditor
1407 2401 1574 2442 autem
1621 2401 1857 2443 tenea-tur
1895 2412 2009 2443 rem
2046 2393 2305 2442 venditam
2344 2395 2416 2442 ita
2450 2402 2735 2459 praestare,
2790 2400 2848 2441 ut
2884 2408 2997 2440 eam
3036 2392 3258 2458 emptori

673 2488 814 2529 recte
851 2480 1042 2528 habere
1079 2481 1243 2529 liceat.
1317 2478 1429 2539 Qua
1475 2498 1529 2529 re
1585 2480 1686 2529 duo
1739 2482 2079 2530 continentur.
2151 2478 2376 2530 Primum
2433 2480 2699 2530 evictionis
2754 2479 2963 2528 nomine
3015 2477 3259 2535 venditor
3345 2535 3352 2541 κ

674 2576 902 2630 tenetur,
957 2567 1142 2617 deinde
1200 2576 1406 2635 oportet
1457 2586 1563 2617 rem
1617 2568 1880 2619 venditam
1932 2569 2088 2618 talem
2139 2585 2272 2632 esse,
2328 2569 2529 2635 qualem
2575 2584 2687 2617 eam
2725 2574 2812 2617 aut
2845 2574 3029 2616 natura
3061 2582 3250 2629 rerum,

676 2672 890 2721 quarum
929 2672 994 2704 ex
1030 2673 1219 2722 genere
1259 2664 1362 2718 est,
1400 2656 1645 2721 postulet,
1684 2664 1770 2706 ant
1804 2657 1915 2723 ipse
1951 2657 2254 2722 promiserit.
2327 2654 2460 2715 Quid
2494 2656 2648 2722 igitur
2684 2655 2796 2705 est?
2864 2652 2999 2704 Num
3037 2652 3170 2702 haec
3199 2650 3255 2703 in

675 2742 1053 2810 mancipatione
1091 2760 1310 2810 quoque,
1349 2759 1474 2809 quae
1509 2743 1810 2811 imaginaria
1846 2731 2037 2811 emptio
2075 2743 2300 2795 venditio
2338 2743 2495 2795 fuisse
2531 2727 2707 2807 fertur,
2743 2741 3114 2793 inveniuntur?

894 2828 1122 2881 Primum
1160 2830 1226 2881 ad
1265 2838 1544 2897 emptorem
1580 2833 1835 2900 mancipio
1874 2832 2207 2899 accipientem
2244 2831 2381 2898 quod
2417 2831 2621 2894 attinet,
2670 2828 3081 2904 quandoquidem
3117 2846 3256 2877 man-

678 2917 868 2984 cipatio
905 2917 1206 2984 imaginaria
1243 2926 1352 2969 erat
1388 2919 1575 2985 emptio
1612 2919 1842 2971 venditio
1878 2920 2198 2986 pretiumque
2234 2928 2435 2985 praeter
2470 2918 2833 2970 raudusculum
2871 2935 2937 2966 ex
2975 2917 3089 2982 ipso
3119 2933 3258 2966 man»

677 3004 812 3071 cipio
849 3004 1047 3055 nullum
1084 3004 1317 3067 dabatur,
1351 3005 1538 3056 idcirco
1574 3007 1686 3074 ipsa
1720 3007 2113 3075 mancipatione,
2154 3025 2280 3073 qnae
2318 3009 2449 3056 forte
2492 3023 2558 3055 ex
2596 3023 2750 3055 eausa
2788 3003 3058 3071 emptionis
3086 3003 3258 3063 fiebat,

676 3094 787 3144 veri
832 3094 986 3161 pretii
1029 3095 1238 3144 nomine
1274 3113 1379 3144 non
1417 3096 1842 3164 obstringebatur.
1913 3096 2027 3147 Hoc
2067 3095 2199 3144 enim
2235 3095 2363 3146 nihil
2398 3095 2463 3146 ad
2499 3092 2952 3161 mancipationem,
3006 3091 3143 3159 quod
3181 3106 3247 3140 ex

681 3191 854 3249 empto
904 3183 1163 3250 obligatus
1188 3190 1321 3231 erat.
1394 3182 1584 3243 Quodsi
1620 3185 1860 3234 venditor
1897 3183 2101 3232 efficere
2136 3183 2316 3247 vellet,
2363 3192 2419 3232 ut
2453 3197 2591 3232 nexo
2629 3188 2829 3249 emptor
2864 3180 3014 3248 pretii
3048 3178 3257 3228 nomine

677 3280 955 3336 teneretur,
1011 3271 1240 3324 secundo
1290 3278 1403 3320 actu
1439 3289 1529 3338 per
1565 3289 1650 3323 aes
1689 3282 1740 3323 et
1774 3273 1958 3322 libram
1997 3288 2125 3338 opus
2163 3280 2283 3326 erat.
2353 3270 2486 3321 Nam
2520 3286 2638 3321 meo
2670 3269 2862 3338 judicio
2901 3285 2966 3319 ne
3003 3284 3094 3336 per
3130 3282 3256 3317 nun·

886 3438 934 3485 ⁸⁸)
959 3442 1039 3484 Gal.
1067 3441 1131 3486 Ν,
1158 3438 1195 3477 9.
1236 3441 1288 3486 u,
1315 3437 1400 3474 282
1452 3441 1549 3474 Paul.
1578 3441 1614 3475 S.
1641 3440 1685 3476 R.
1715 3444 1743 3487 Ι,
1774 3440 1831 3486 19,
1860 3442 1879 3487 5
1910 3440 1941 3476 Ι.
1995 3441 2012 3485 §
2040 3438 2061 3475 7
2088 3441 2119 3474 J.
2148 3441 2192 3475 de
2218 3441 2289 3475 obl.
2316 3449 2410 3484 quse
2434 3440 2537 3482 quasi
2563 3440 2600 3473 in
2626 3442 2737 3473 contr.

887 3499 934 3544 ⁸⁸)
961 3503 976 3547 5
1003 3500 1026 3538 ⁷
1052 3503 1086 3538 Ι.
1113 3503 1159 3538 de
1184 3503 1292 3545 oblig.
1322 3510 1415 3544 quse
1442 3503 1543 3544 quasi
1569 3504 1603 3536 in
1631 3509 1741 3538 contr.
1795 3505 1837 3539 1..
1864 3504 1943 3539 XV.
1974 3503 2013 3537 C.
2043 3504 2085 3537 de
2115 3504 2216 3537 cond.
2244 3503 2364 3538 indeb-
2393 3502 2455 3546 lv,
2483 3500 2518 3537 5.
2572 3501 2651 3543 Get.
2680 3502 2727 3546 n,
2755 3497 2841 3535 28³.

890 3562 935 3604 δ7)
960 3566 1058 3601 runi.
1078 3552 1127 3601 s.
1153 3566 1198 3600 n.
1228 3566 1257 3610 1,
1290 3561 1347 3609 ιο,
1374 3563 1394 3609 5
1422 3561 1455 3600 ι.

890 3623 938 3670 ··)
961 3627 1002 3660 1..
1032 3623 1088 3660 15.
1139 3628 1181 3661 L.
1211 3623 1271 3671 10,
1297 3625 1317 3670 ς
1342 3623 1377 3660 9.
1429 3626 1471 3659 1..
1500 3623 1541 3659 21
1573 3637 1624 3670 pr.
1660 3629 1702 3661 n.
1731 3630 1773 3663 ue
1800 3633 1891 3672 capt,
1920 3628 2120 3672 xxxxix,
2151 3626 2205 3662 15.
