3461 4168
1947 110 2013 160 48

681 263 930 316 creditam
974 263 1219 331 pecunia,
1265 263 1357 315 sed
1403 264 1558 316 etiam
1597 266 1651 317 ⁴si
1697 266 1798 317 alia
1835 282 1941 329 res,
1991 279 2145 331 quam
2178 271 2354 315 tamen
2388 263 2442 315 in
2467 265 2748 332 ⁴pecuniarii
2775 265 2948 336 τοὴἱ
2975 267 3269 336 oportum,

683 353 981 404 debebatur.
1071 350 1248 419 Itaque
1292 353 1353 403 in
1406 352 1815 418 venditionibus,
1872 355 1914 405 si
1965 353 2187 420 pretium
2238 369 2346 403 non
2397 361 2891 420 repraesentaretur,
2945 356 3269 408 venditum-

683 441 918 507 suspicor
964 448 1250 507 emptorem
1296 441 1458 507 pretii
1492 442 1703 493 nomine
1749 460 1887 493 nexo
1937 441 2033 492 sibi
2079 439 2349 508 obligasse.
2421 438 2619 502 Quodsi
2661 458 2746 492 res
2791 445 3014 510 mancipi
3058 444 3270 495 vendita

683 528 943 594 mancipio
981 527 1216 591 dabatur,
1254 545 1320 577 ex
1355 519 1611 594 mancipio
1649 538 1853 597 emptor
1888 529 2037 596 pretii
2069 528 2278 577 nomine
2309 528 2425 594 jure
2463 528 2586 577 nexi
2619 545 2727 578 non
2765 529 3106 596 obligabatur,-
3146 549 3267 598 quo-

683 615 824 663 niam
858 616 1117 682 mancipio
1154 617 1406 681 accipiens
1441 633 1547 664 non
1577 616 1858 681 jubebatur
1877 617 2087 666 damnas
2117 631 2229 665 esse
2258 623 2311 665 et
2336 632 2403 665 ne
2433 631 2523 665 aes
2549 614 2769 681 quidem,
2807 632 2907 681 quo
2936 617 3265 683 obligaretur,

683 701 981 769 accipiebat.
1054 701 1222 763 Quare
1258 709 1314 752 ut
1353 702 1505 752 etiam
1542 701 1665 751 nexi
1700 702 1948 771 obligatio
1990 702 2140 770 pretii
2173 701 2384 752 nomine
2418 708 2729 765 nasceretur,
2766 700 2955 769 duplici
2992 710 3110 753 actu
3137 721 3267 771 opus

685 797 819 852 erat,
875 807 1091 856 quorum
1139 790 1267 839 alter
1315 788 1380 837 ad
1431 788 1716 839 dominium
1762 791 1838 840 rei
1888 789 2107 857 mancipi
2141 789 2579 851 transferendum,
2609 789 2762 838 'alter
2797 788 2863 839 ad
2900 790 3267 857 obligationem

685 879 809 927 nexi
865 876 1273 927 constituendam
1328 884 1596 942 spectaret.
1669 874 1774 926 Sed
1827 879 2046 928 fortasse
2098 877 2193 926 hac
2245 877 2300 926 in
2347 893 2504 931 cama
2544 877 2760 927 diversis
2803 877 2975 927 verbis
3010 878 3264 942 utebatur,

690 965 875 1031 quibus
912 964 976 1012 ad
1012 964 1443 1028 mancipationem
1480 980 1534 1012 se
1571 964 1855 1027 referebat,
1903 966 2044 1015 velut
2088 965 2191 1014 his:
2245 962 2399 1024 Quod
2434 981 2532 1031 ego
2566 964 2660 1014 tibi
2694 964 2828 1014 hanc
2864 981 2974 1014 rem
3011 965 3110 1014 hoc
3146 983 3264 1015 aere

693 1067 951 1116 aeneaque
988 1049 1122 1099 libra
1170 1050 1310 1100 mille
1362 1050 1506 1100 libris
1543 1050 1767 1113 vendidi,
1822 1068 1910 1102 eas
1964 1060 2020 1102 tu
2072 1052 2195 1101 mihi
2245 1059 2364 1118 post
2417 1068 2512 1102 sex
2557 1068 2761 1102 menses
2809 1052 2924 1118 jure
2970 1053 3093 1102 nexi
3139 1052 3261 1103 dare

687 1137 900 1187 damnas
938 1143 1067 1187 esto.

903 1223 999 1273 Illa
1035 1223 1197 1274 verba
1233 1232 1372 1274 certa
1409 1233 1578 1287 erant,
1617 1241 1746 1290 quae
1784 1225 1991 1290 quidem
2029 1226 2206 1276 abesse
2244 1242 2350 1275 non
2384 1233 2637 1291 poterant.
2707 1225 2840 1288 Alia,
2878 1242 3006 1291 quae
3041 1225 3130 1275 lex
3164 1224 3264 1276 XII

684 1311 977 1362 tabularum
1015 1311 1102 1378 jus
1151 1328 1262 1362 esse
1301 1311 1548 1377 jusserat,
1601 1311 1948 1377 nuncupando
1997 1312 2147 1379 adjici
2196 1311 2448 1373 solebant,
2501 1311 2733 1378 inprimis
2777 1311 2960 1376 foenus
3010 1312 3262 1364 constitui.

687 1396 833 1448 Tunc
878 1398 1013 1447 forte
1059 1397 1280 1448 creditor
1325 1397 1576 1447 addebatt
1631 1414 1747 1447 cum
1795 1397 2032 1461 foenore,
2085 1400 2226 1449 velut
2277 1398 2518 1448 unciario.
2609 1397 2884 1448 Praeterea
2928 1399 3264 1464 probabiliter

683 1485 1069 1549 nuncupatione
1118 1484 1487 1550 adjungebatur
1527 1501 1587 1533 ea
1624 1483 1877 1545 conditio,
1926 1494 1983 1534 ut
2038 1487 2079 1534 si
2117 1486 2331 1551 pecunia
2367 1492 2556 1534 statuto
2594 1493 2827 1550 tempore
2862 1486 3124 1553 persoluta
3158 1504 3266 1535 non

687 1580 838 1633 esset,
877 1590 1078 1620 summa
1113 1580 1252 1620 certa
1285 1589 1482 1637 poenae
1520 1571 1728 1620 nomine
1767 1572 2068 1621 solveretur.
2123 1572 2189 1622 Et
2224 1591 2322 1638 quo
2358 1573 2516 1622 tutius
2553 1581 2741 1638 ageret,
2778 1572 3000 1622 creditor
3036 1574 3265 1635 curabat,

685 1667 745 1708 ut
779 1676 888 1721 res,
936 1666 1118 1725 utputa
1152 1658 1364 1722 fundus,
1421 1659 1608 1707 fiducia
1644 1667 1907 1708 contracta
1943 1660 2042 1708 sibi
2077 1661 2475 1726 manciparetur,
2532 1676 2691 1725 eaque
2728 1676 2882 1709 causa
2915 1658 3155 1722 fiduciae,
3209 1668 3266 1710 ut

688 1745 898 1813 opinor,
946 1745 1176 1795 omnium
1222 1745 1631 1812 frequentissima
1664 1745 1799 1806 mit.
1847 1743 1951 1795 Sed
1985 1761 2092 1796 non
2128 1752 2324 1798 tantum
2360 1762 2442 1797 res
2480 1761 2622 1810 suas,
2671 1762 2849 1798 verum
2889 1747 3042 1798 etiam
3076 1746 3265 1798 liberos

689 1831 893 1882 debitor
938 1831 1158 1882 fiduciae
1205 1849 1358 1881 causa
1400 1831 1655 1898 mancipio
1704 1830 1873 1881 dabat.
1944 1830 2254 1898 Hujusmodi
2297 1850 2419 1882 vero
2461 1833 2923 1899 mancipationibus
2960 1832 3144 1883 modus
3182 1833 3265 1884 de-

685 1919 862 1970 finitus
900 1926 1011 1970 erat
1044 1919 1160 1986 lege
1195 1917 1292 1969 XII
1328 1919 1631 1982 tabularum,
1675 1926 1727 1969 et
1761 1925 1819 1969 ut
1854 1919 2041 1982 fertur,
2088 1920 2198 1986 jam
2232 1920 2344 1986 lege
2380 1919 2583 1970 Romuli
2612 1920 2826 1986 jubente
2861 1920 3022 1971 filium
3058 1937 3089 1970 a
3122 1928 3266 1987 patre

687 2014 768 2057 ter
802 2006 1175 2057 venumdatum
1217 2007 1432 2056 liberum
1481 2024 1608 2056 esse.
1681 2004 1845 2072 Saepe
1886 2007 2040 2056 etiam
2077 2025 2353 2073 sponsores
2391 2008 2473 2058 vel
2508 2007 2951 2074 fidepromissores
2990 2009 3264 2058 accessisse

690 2095 1090 2146 existimandum
1128 2103 1218 2145 est.

1914 2232 1941 2298 ς
1980 2234 2058 2281 22.

903 2357 1052 2407 Nunc
1090 2357 1471 2407 consideremus
1507 2358 1612 2407 vim
1652 2358 1989 2422 effectumque
2026 2358 2148 2406 nexi
2186 2357 2524 2422 obligationis.
2596 2355 2695 2417 Qui
2731 2374 2869 2406 nexo
2908 2374 2961 2406 se
3001 2357 3265 2424 obligarat,

687 2463 748 2513 is,
786 2453 844 2495 ut
872 2446 980 2511 jam
1015 2445 1208 2511 pluries
1246 2444 1437 2494 dictum
1473 2453 1572 2507 est,
1608 2445 1662 2493 in
1700 2444 1880 2494 eadem
1919 2453 2028 2494 erat
2063 2444 2473 2506 causa'futurus,
2511 2461 2610 2509 qua
2638 2443 2894 2510 judicatus
2931 2451 3053 2494 erat.
3123 2443 3266 2494 Judi-

694 2540 809 2582 cato
860 2540 1032 2581 autem
1075 2539 1127 2582 et
1176 2549 1264 2581 aes
1312 2533 1545 2582 confesso
1585 2549 1651 2581 ex
1684 2531 1782 2581 XII
1816 2532 2005 2582 tabulis
2043 2532 2252 2599 triginta
2288 2531 2396 2580 dies
2426 2532 2551 2598 justi
2588 2539 2733 2580 erant
2768 2530 2833 2580 ad
2869 2519 3265 2598 comparandam

687 2619 1066 2686 pecuniam.4⁶)
1140 2617 1338 2679 Quibus
1373 2620 1672 2685 praeteritis,
1728 2620 1772 2670 si
1808 2619 2011 2669 debitor
2045 2636 2150 2669 non
2188 2619 2444 2681 solvisset,
2479 2635 2635 2668 manu
2669 2618 2856 2684 injecta
2891 2618 3114 2668 creditor
3149 2635 3267 2668 eum

687 2707 742 2757 in
776 2708 867 2774 ‘jus
914 2707 1157 2770 ducebat,
1213 2714 1265 2757 et
1307 2707 1406 2757 nisi
1445 2707 1728 2773 judicatum
1774 2707 1968 2757 faceret
2002 2723 2097 2757 nec
2134 2706 2325 2757 vindex
2364 2706 2660 2768 exsisteret,
2714 2704 2924 2756 domum
2960 2704 3180 2756 ducebat
3216 2713 3268 2757 et

688 2795 961 2845 vinciebat.
1029 2793 1141 2846 Nisi
1185 2795 1324 2862 pacti
1372 2803 1561 2858 essent,
1608 2796 1662 2845 in
1709 2795 1926 2845 vinculis
1973 2794 2243 2845 tenebatur
2289 2794 2397 2844 dies
2445 2794 2736 2862 sexaginta,
2787 2793 2920 2843 inter
2957 2810 3085 2859 quos
3120 2793 3265 2844 trinis

689 2881 935 2932 nundinis
971 2883 1226 2933 continuis
1265 2882 1331 2932 ad
1382 2892 1668 2949 praetorem
1703 2884 1756 2933 in
1793 2883 2057 2933 comitium
2093 2882 2484 2949 producebatur,
2524 2890 2842 2949 quantaeque
2870 2881 3115 2948 pecuniae
3135 2881 3265 2947 judi-

686 2977 833 3020 catus
870 2977 1022 3033 esset,
1057 2970 1460 3037 praedicabatur.
1546 2971 1730 3022 Tertiis
1776 2971 2018 3021 nundinis
2066 2971 2228 3036 capite
2277 2987 2472 3037 poenas
2516 2970 2670 3019 dabat
2717 2977 2805 3018 aut
2847 2977 2989 3018 trans
3041 2967 3264 3019 Tiberim

687 3056 1027 3109 vendebatur.
1097 3055 1215 3107 Non
1251 3058 1417 3108 solum
1452 3059 1703 3123 universa,
1742 3076 1871 3126 quae
1908 3058 2042 3108 inter
2075 3075 2212 3107 nexo
2250 3057 2550 3108 obstrictum
2587 3064 2639 3107 et
2667 3055 2950 3123 judicatum
2988 3064 3096 3107 erat
3132 3056 3264 3107 simi-

685 3144 850 3196 litudo
894 3144 1042 3195 illum
1087 3143 1298 3207 similia,
1352 3152 1499 3209 atque
1547 3145 1707 3208 hunc,
1762 3154 2033 3212 expertum
2082 3161 2191 3194 esse
2230 3144 2487 3211 designat,
2542 3159 2722 3194 verum
2758 3143 2910 3193 etiam
2946 3160 3053 3193 non
3089 3144 3263 3208 paucis

685 3231 815 3281 locis
859 3232 983 3282 satis
1029 3232 1166 3282 clare
1201 3230 1256 3280 id
1290 3231 1545 3297 probatur.
1616 3232 1942 3294 Debitorem,
1995 3231 2081 3297 qui
2116 3230 2198 3280 die
2233 3233 2535 3297 praestituta
2569 3248 2677 3279 non
2720 3230 2978 3292 solvisset,
3027 3229 3262 3292 creditor,

687 3327 745 3369 ut
781 3320 1033 3386 conjicere
1069 3319 1206 3382 licet,
1242 3319 1594 3385 praesentibus
1631 3321 1863 3384 testibus,
1903 3320 1990 3386 qui
2025 3335 2161 3368 nexo
2199 3319 2433 3369 faciendo
2470 3318 2819 3380 interfuerant,
2858 3317 3160 3384 appellabat.
3209 3316 3263 3367 Si

686 3424 753 3456 ne
806 3415 916 3457 tum
969 3407 1176 3474 quidem
1230 3406 1455 3457 solveret
1497 3424 1589 3456 nec
1634 3416 1807 3458 tamen
1850 3408 2039 3458 infitias
2087 3408 2206 3468 iret,
2255 3405 2632 3472 conquirendae
2682 3407 2926 3472 pecuniae
2964 3423 3117 3456 causa
3153 3406 3262 3455 dies

893 3543 940 3590 ⁴⁰)
964 3546 1121 3589 Triginta
1146 3548 1223 3582 dies
1250 3550 1364 3589 erant,
1395 3546 1477 3589 quia
1504 3546 1539 3578 in
1567 3547 1620 3579 his
1647 3549 1846 3581 necessario
1873 3547 2070 3587 Kalendae,
2099 3546 2229 3586 quibus
2256 3547 2370 3586 major
2397 3549 2471 3578 erat
2498 3546 2665 3586 pecuniae
2691 3545 2873 3580 faciendae
2901 3545 3064 3588 facultas,
3094 3545 3260 3578 contine-

688 3608 829 3641 bantur.
883 3608 1117 3643 Probabiliter
1138 3610 1213 3650 jam
1241 3613 1324 3643 ante
1353 3608 1468 3649 legem
1495 3607 1563 3640 XII
1589 3608 1785 3642 tabularum
1813 3610 1921 3643 latam
1949 3609 2090 3649 triginta
2118 3607 2194 3640 dies
2217 3608 2304 3647 justi
2332 3611 2442 3640 erant.
