3461 4168
1911 141 1971 188 16
2071 184 2073 187 ,

641 295 947 343 nominatim
986 311 1099 343 esse
1138 294 1433 360 appellatas.
1504 292 1583 342 De
1620 293 1716 342 hac
1754 310 1809 342 re
1848 293 1943 342 etsi
1978 291 2105 341 nihil
2142 300 2283 342 certo
2323 300 2539 355 constat,
2575 302 2749 345 tamen
2786 296 2859 346 ita
2895 311 3006 346 esse
3035 299 3230 360 potest:

642 389 698 430 at
732 380 1103 446 impedimento
1144 390 1263 431 sunt
1299 382 1570 431 servitutes
1607 381 1935 446 praediorum
1970 381 2293 442 rusticorum,
2340 396 2470 445 quae
2508 381 2684 445 quanti
2720 393 2894 432 essent
2929 383 2983 432 iu
3019 396 3231 431 censum

643 465 869 516 dedicari
906 485 1013 517 non
1049 476 1301 533 poterant,
1340 466 1390 514 id
1428 465 1564 530 quod
1604 466 1656 514 in
1694 466 1906 516 dubium
1943 466 2117 516 vocari
2151 481 2304 532 posse
2340 482 2448 515 non
2483 465 2700 515 videtur.

863 554 1029 604 Aliter
1065 571 1175 603 rem
1213 552 1433 618 explicat
1467 550 1620 617 Hugo
1657 551 1711 600 in
1750 552 1865 602 hist.
1897 553 1995 619 jur.
2033 551 2179 603 Rom.
2217 554 2286 619 (p.
2327 554 2425 602 512
2464 552 2641 619 seqq.),
2690 553 2776 618 qui
2811 553 2866 601 in
2900 553 3055 602 rebus
3091 570 3230 602 man-

640 641 743 705 cipi
788 641 1018 705 requirit,
1073 649 1129 690 ut
1180 640 1433 705 pretiosae
1471 639 1662 704 populo
1703 640 2042 704 agriculturae
2081 640 2270 703 dedito,
2323 648 2381 690 ut
2416 640 2709 706 corporales
2744 640 2828 690 vel
2863 640 2993 690 tales
3029 640 3232 702 fuerint,

641 744 775 792 quae
815 727 880 776 ad
918 727 1210 793 corporales
1246 725 1481 791 proxime
1520 724 1838 787 accederent,
1893 726 1965 775 ita
2012 734 2068 776 ut
2116 727 2263 777 facile
2301 726 2727 788 discernerentur,
2781 725 3000 791 denique
3039 733 3096 774 ut
3124 725 3234 790 jam

644 814 844 880 pridem
882 812 1128 862 Romanis
1175 819 1329 861 notae
1375 811 1578 860 fuerint.
1669 810 1811 860 Haec
1851 813 1959 861 sine
1998 813 2155 862 dubio
2192 815 2245 862 in
2281 814 2435 863 rebus
2471 813 2692 878 mancipi
2743 812 3088 872 inveniuntur,
3141 810 3234 860 sed

644 900 877 948 nondum
914 900 974 947 iis
1014 899 1312 963 explicatur,
1367 916 1524 962 quare
1561 899 1613 946 in
1649 898 1710 946 iis
1747 899 2058 963 mancipatio
2094 907 2202 948 tam
2237 900 2528 949 necessaria
2561 899 2728 960 fuerit,
2785 907 2836 947 et
2890 914 2980 947 cur
3032 905 3233 946 ceterae

644 1003 728 1036 res
766 984 1059 1051 corporales
1097 984 1378 1051 mancipari
1415 1002 1521 1034 non
1570 983 1849 1050 potuerint·
1938 983 2086 1033 Hanc
2139 985 2500 1035 necessitatem
2553 983 2878 1050 mancipandi
2930 982 3127 1032 Walter
3179 983 3234 1032 in

645 1074 760 1122 hist.
792 1074 891 1138 jur.
932 1071 1080 1121 Rom.
1120 1073 1198 1138 (p.
1238 1072 1369 1135 588)
1426 1088 1508 1120 res
1545 1071 1768 1135 mancipi
1807 1071 1964 1120 fuisse
2002 1079 2157 1132 ratus,
2214 1089 2343 1136 quae
2380 1073 2653 1138 praecipue
2688 1070 2953 1138 praedium
2988 1071 3234 1120 rusticum

643 1161 856 1225 ejusque
910 1160 1310 1208 instrumentum
1366 1158 1642 1218 effecerint,
1698 1174 1764 1205 ex
1820 1175 1880 1205 eo
1938 1157 2159 1218 deducit,
2214 1157 2352 1222 quod
2406 1157 2617 1207 Servius
2653 1158 2847 1207 Tullius
2893 1175 2989 1207 rex
3034 1157 3233 1206 ratione

642 1245 821 1296 habita
857 1246 1124 1307 librorum,
1177 1244 1231 1294 in
1280 1244 1462 1309 quibus
1498 1250 1664 1292 totum
1703 1243 1868 1293 solum
1907 1243 2219 1310 descriptum
2257 1251 2407 1305 esset,
2463 1244 2516 1291 in
2570 1243 2649 1292 his
2703 1245 2857 1293 rebus
2913 1242 3234 1310 acquirendis

642 1331 1033 1397 alienandisque
1069 1329 1462 1396 mancipationis
1500 1329 1719 1380 formam
1757 1329 2058 1395 requisierit.
2150 1329 2252 1380 Sed
2289 1330 2418 1380 ratio
2456 1345 2563 1379 non
2600 1338 2828 1397 apparet,
2883 1347 2972 1379 cur
3015 1331 3081 1379 ob
3121 1346 3235 1378 eam

642 1438 854 1469 causam
890 1418 1202 1484 mancipatio
1241 1416 1563 1482 potissimum
1600 1417 1753 1467 fuerit
1788 1417 2014 1478 inventa,
2070 1433 2197 1482 quae
2243 1416 2411 1466 minus
2460 1415 2649 1465 idonea
2685 1423 2735 1466 et
2771 1417 3083 1467 conveniens
3121 1432 3233 1467 esse

644 1508 897 1559 videatur.
934 1537 1001 1543 —
1057 1507 1139 1554 Ab
1179 1505 1418 1554 omnibus
1455 1504 1534 1554 his
1573 1504 1839 1555 sententiis
1886 1503 2284 1554 diversissimam
2333 1501 2396 1553 de
2445 1519 2616 1553 rerum
2658 1502 2882 1569 mancipi
2925 1503 3137 1554 notione
3185 1510 3237 1555 et

645 1597 698 1646 vi
736 1596 929 1645 eximia
965 1594 1235 1661 proposuit
1272 1593 1668 1642 sentententiam
1703 1592 1997 1642 Huschkius
2035 1592 2087 1640 in
2123 1591 2254 1641 libro
2303 1590 2366 1640 de
2415 1590 2659 1641 institutis
2703 1589 2837 1657 regis
2885 1588 3049 1642 Servii
3085 1589 3239 1642 Tullii

646 1683 727 1749 (p.
767 1683 865 1732 249
907 1682 1070 1746 seqq.)
1125 1698 1239 1730 cum
1277 1681 1519 1729 universa
1555 1698 1647 1729 sua
1683 1679 1746 1728 de
1783 1680 2106 1739 necessitate,
2162 1695 2313 1743 quam
2357 1679 2547 1743 reperit
2593 1679 2645 1727 in
2693 1679 2870 1743 populi
2916 1696 2945 1727 a
2989 1696 3111 1745 rege
3146 1679 3235 1729 illo

646 1769 926 1818 constituta
963 1768 1216 1816 divisione
1256 1767 1400 1832 quasi
1438 1766 1680 1815 divinitus
1718 1766 2003 1815 institutam
2041 1766 2326 1815 arctissimo
2374 1765 2581 1814 vinculo
2630 1764 3007 1815 cohaerentem.
3092 1764 3234 1825 Quae

644 1873 802 1922 quum
840 1855 1056 1921 intelligi
1093 1861 1144 1904 et
1179 1853 1470 1920 impugnari
1506 1860 1727 1918 nequeat
1762 1853 1862 1901 nisi
1897 1860 2008 1901 tota
2056 1852 2290 1901 doctrina
2344 1852 2439 1900 viri
2493 1852 2626 1900 illius
2682 1851 2990 1917 exponenda
3045 1860 3096 1901 et
3147 1853 3237 1901 im-

644 1942 939 2008 pugnanda,
978 1959 1133 2006 quum
1170 1940 1270 1989 hoc
1309 1948 1360 1988 et
1397 1940 1620 1988 alienum
1659 1957 1688 1987 a
1724 1940 1989 2005 proposito
2028 1947 2206 1988 nostro
2246 1948 2296 1987 et
2323 1939 2527 2004 longius
2559 1947 2707 1999 esset,
2747 1956 2899 2003 quam
2925 1940 3055 1988 fines
3086 1939 3237 2004 hujus

652 2027 1103 2077 commentationis
1141 2025 1430 2087 admittunt,
1485 2025 1662 2090 putavi
1707 2025 2114 2090 praetermittere
2153 2042 2265 2075 eam
2302 2042 2384 2075 me
2421 2041 2590 2091 posse,
2644 2041 2705 2074 eo
2742 2025 2921 2092 magis,
2976 2026 3093 2091 quia
3128 2026 3238 2092 ipse

647 2115 945 2164 Huschkius
965 2113 1229 2163 Romanos
1248 2112 1383 2161 illius
1412 2129 1582 2160 rerum
1619 2112 1841 2177 mancipi
1878 2111 2265 2178 significationis
2303 2111 2538 2161 conscios
2573 2111 2918 2162 verisimiliter
2953 2122 3060 2162 non
3079 2112 3237 2162 fuisse

652 2188 975 2250 confiteatur.
1063 2199 1316 2249 Huschkii
1354 2198 1584 2264 opinioni
1620 2198 1771 2263 plane
1810 2198 2098 2263 oppositam
2138 2197 2367 2246 defendit
2404 2172 2833 2258 Christiaaeius
2887 2198 2939 2247 in
2993 2199 3107 2248 hist.
3138 2200 3237 2265 jur.

647 2288 720 2355 (p.
742 2288 840 2337 352
873 2303 1011 2353 seqq.
1043 2294 1093 2336 et
1120 2285 1350 2353 passim).
1423 2284 1521 2345 Qui
1557 2285 1780 2351 mancipi
1815 2285 2122 2334 infinitivum
2159 2285 2349 2351 passivi
2386 2302 2498 2334 esse
2537 2285 2834 2335 existimans
2870 2285 3015 2335 verbi
3051 2286 3240 2336 veteris

649 2375 960 2441 mancipere,
999 2373 1139 2440 quod
1174 2373 1312 2423 idem
1349 2374 1569 2422 valuerit
1605 2381 1756 2439 atque
1796 2374 2104 2439 mancipare,
2158 2391 2314 2422 manu
2352 2390 2551 2439 capere,
2588 2390 2771 2438 resque
2809 2374 3031 2439 mancipi
3065 2374 3237 2437 fuisse,

649 2477 782 2527 quae
819 2460 1102 2526 mancipari
1139 2460 1247 2510 sive
1285 2460 1508 2525 mancipi
1546 2460 1772 2509 solerent
1809 2461 1893 2509 vel
1929 2460 2193 2521 deberent,
2248 2461 2319 2509 ita
2371 2469 2427 2509 ut
2480 2462 2582 2509 tale
2635 2462 2851 2510 verbum
2900 2461 3241 2527 supplendum

649 2548 731 2609 sit,
767 2548 821 2596 in
858 2547 1185 2597 distinctione
1223 2546 1312 2595 illa
1347 2563 1517 2595 rerum
1557 2546 1780 2612 mancipi
1826 2554 1877 2596 et
1911 2564 2007 2596 nec
2044 2547 2266 2613 mancipi
2302 2548 2495 2596 nullam
2531 2548 2672 2597 videt
2716 2548 3092 2610 necessitatem,
3147 2548 3240 2598 sed

647 2641 796 2699 putat
826 2633 957 2699 juris
993 2633 1274 2698 prudentes
1311 2631 1575 2682 Romanos
1613 2632 1700 2682 diu
1736 2634 1789 2681 in
1829 2633 2024 2682 incerto
2061 2634 2235 2695 fuisse,
2272 2633 2392 2699 quid
2431 2634 2494 2683 de
2532 2634 2619 2683 illa
2654 2634 2982 2684 statuendum
3018 2642 3154 2685 esset
3189 2643 3240 2685 et

650 2736 899 2785 quasnam
936 2736 1020 2770 res
1058 2718 1339 2784 mancipari
1379 2725 1654 2784 oporteret,
1692 2718 1814 2768 dum
1853 2720 2042 2769 sensim
2081 2720 2370 2785 sensimque
2410 2736 2521 2769 eam
2553 2719 2840 2770 doctrinam
2870 2720 3238 2787 excogitarent,

653 2821 805 2871 quam
844 2822 874 2853 a
911 2803 1040 2871 Gajo
1080 2813 1131 2854 et
1166 2804 1396 2871 Ulpiano
1442 2805 1594 2854 nobis
1649 2805 1903 2867 traditam,
1958 2806 2138 2871 priscis
2192 2805 2439 2856 Romanis
2493 2823 2703 2873 prorsus
2746 2808 2975 2873 ignotam
3011 2807 3238 2873 ineptam

653 2909 768 2942 esse
809 2908 1022 2958 arguere
1062 2909 1169 2941 non
1207 2892 1433 2941 dubitat:
1488 2892 1624 2957 apud
1679 2893 2096 2958 antiquissimuos
2153 2900 2324 2943 autem
2378 2891 2641 2944 Romanos
2696 2911 2783 2944 eas
2830 2911 2912 2943 res
2959 2894 3239 2960 mancipari

643 2979 830 3029 solitas
866 2978 1041 3041 fuisse,
1079 2995 1207 3044 quae
1244 2979 1593 3045 cognitionem
1632 2979 1834 3028 facilem
1873 2980 2122 3029 babentes
2158 2979 2558 3029 vindicationem
2595 2980 2954 3030 admitterent:
2991 2990 3147 3031 testes
3184 2983 3237 3031 in

646 3066 896 3117 omnibus
933 3066 1156 3133 negotiis
1193 3065 1448 3115 adhibitos
1487 3084 1638 3129 esse,⁸
1670 3084 1836 3133 neque
1876 3084 2053 3115 eorum
2091 3068 2242 3115 aliam
2279 3067 2435 3116 fuisse
2472 3075 2797 3133 potestatem,
2852 3086 3004 3132 quam
3046 3078 3103 3118 ut
3143 3087 3236 3134 per

649 3170 755 3217 eos,
810 3152 934 3219 quid
969 3159 1173 3220 gestum
1211 3161 1359 3215 esset,
1413 3163 1684 3205 constaret.
1792 3153 1896 3204 Sed
1931 3162 2090 3204 testes
2126 3164 2231 3203 non
2269 3154 2447 3204 dubito
2485 3156 2607 3222 quin
2644 3155 2782 3204 aliud
2820 3156 3234 3222 significaverint,

646 3240 701 3290 id
739 3241 877 3306 quod
913 3240 1127 3290 inferius
1165 3239 1192 3306 ξ
1232 3242 1260 3290 6
1300 3240 1649 3293 demonstrare
1688 3242 1930 3292 conabor.

869 3327 961 3378 His
1000 3326 1269 3378 sententiis
1305 3327 1562 3378 variorum
1598 3328 1897 3380 recentioris
1935 3329 2115 3380 aetatis
2154 3338 2419 3380 auctorum
2457 3331 2683 3380 breviter
2718 3330 2905 3393 relatis,
2941 3331 3122 3381 melius
3152 3348 3235 3381 res

646 3416 896 3482 explicari
932 3416 1137 3465 videtur
1175 3433 1242 3465 ex
1280 3432 1341 3464 ea
1380 3418 1645 3479 sententia,
1701 3435 1854 3483 quam
1890 3417 2231 3484 Manhaynius
2277 3420 2329 3468 in
2374 3419 2507 3468 libro
2555 3418 2708 3467 allato
2764 3418 2842 3484 (p.
2882 3420 2942 3468 61
2983 3420 3143 3485 seqq.)
3181 3420 3234 3468 in

647 3503 877 3553 medium
915 3505 1140 3568 protulit,
1196 3520 1451 3569 quamque
1488 3502 1710 3554 Danzius
1748 3506 1800 3554 in
1838 3505 1952 3555 hist.
1996 3511 2090 3570 jur.
2129 3504 2274 3555 Rom.
2314 3507 2394 3571 (p.
2439 3505 2566 3570 192)
2622 3513 2673 3554 et
2720 3504 2918 3555 Puchta
2971 3508 3022 3556 in
3076 3506 3231 3556 instit.

649 3592 772 3656 (vol.
812 3590 873 3639 II.
914 3590 939 3657 ξ
980 3592 1100 3656 238)
1158 3592 1397 3640 universe
1437 3592 1797 3656 approbarunt.
1888 3591 1988 3642 Eas
2037 3610 2119 3642 res
2167 3593 2323 3642 fuisse
2371 3592 2590 3658 mancipi
2640 3592 2935 3656 arbitratur,
2985 3612 3112 3659 quae
3151 3610 3232 3643 res
