3461 4168
1405 129 1468 182 35

257 219 273 247 A

143 286 305 339 Vuae.
338 286 371 354 ς
407 282 472 336 47
511 286 696 338 collata
731 301 845 337 cum
883 286 909 355 ξ
948 287 1012 337 50
1066 285 1304 358 colligere
1351 300 1635 353 possumuS,
1690 285 1753 337 de
1786 282 2144 339 traditionibus
2181 288 2234 338 in
2271 289 2322 338 in
2358 288 2466 339 XII.
2505 284 2696 342 tabulis

143 383 346 424 cautum
380 385 485 422 non
523 390 632 423 esse
668 390 763 424 nec
801 376 1034 424 valuisse.
1056 375 1142 439 ¹¹3)
1230 371 1335 422 Nec
1371 388 1680 441 magnopere
1716 374 1852 424 nitor
1899 375 2015 424 loco
2053 373 2189 424 Festi
2227 392 2263 424 s.
2299 393 2347 427 v.
2419 376 2554 437 „Sub
2593 393 2691 427 vos

142 461 288 524 placo
325 461 377 507 in
416 461 651 525 precibus
688 477 841 525 quum
879 462 1075 520 dicitur,
1129 460 1379 524 significat
1413 461 1464 508 id
1512 462 1649 525 quod
1701 462 1946 524 supplico,
2000 470 2057 509 ut
2107 462 2161 509 in
2213 462 2441 525 legibus:
2511 464 2692 513 Trans-

143 547 361 613 quedato
400 548 632 614 endoque
668 550 916 615 plorato,“
955 565 1082 613 quae
1119 547 1278 596 verba
1311 546 1357 595 J.
1395 545 1756 609 Gothofredus,
1797 549 2102 598 assentiente
2140 546 2423 610 Dirksenio,
2479 566 2543 598 ex
2577 548 2691 603 XII,

141 634 329 685 tabulis
383 643 435 685 et
487 635 703 686 diversis
757 652 927 686 earum
983 635 1108 684 locis
1164 642 1365 699 sumpta
1409 652 1517 685 esse
1574 636 1824 702 opinatur,
1880 635 1995 700 quia
2048 636 2245 685 etiamsi
2300 643 2489 684 certum
2545 644 2694 701 esset,

141 719 354 771 verbum
389 722 751 787 transquedato
788 723 840 771 in
876 722 988 787 lege
1024 721 1109 770 illa
1144 722 1313 783 fuisse,
1366 728 1536 772 tamen
1587 738 1693 771 non
1741 729 1997 771 constaret
2041 722 2104 771 ad
2150 722 2430 772 dominium
2467 723 2539 771 rei
2575 740 2693 773 ven-

141 807 275 857 ditae
313 817 364 858 et
400 808 614 858 traditae
652 807 1010 874 acquirendum
1055 808 1372 873 pertinuisse.
1460 807 1757 859 Dirksenius
1804 808 2084 873 suspicatur
2129 810 2345 860 verbum
2391 809 2488 858 hoc
2539 809 2694 860 fuisse

140 896 193 943 in
228 897 340 962 lege
378 896 440 944 de
480 913 648 963 poena
684 896 971 963 perduellis,
1010 913 1121 961 qua,
1176 904 1232 944 ut
1277 912 1342 943 ex
1376 894 1428 944 L.
1469 899 1497 945 3
1534 913 1606 962 pr.
1643 896 1704 948 D.
1744 896 1808 944 ad
1844 890 1961 962 Leg.
1998 896 2097 946 Jul.
2134 899 2328 962 majest.
2378 896 2520 961 sequi
2556 896 2694 945 vide-

138 990 236 1045 tur,
273 992 475 1033 cautum
515 993 636 1047 erat,
675 999 806 1047 eum,
843 985 926 1050 qui
963 985 1125 1033 civem
1161 984 1298 1032 hosti
1332 983 1633 1047 tradidisset,
1671 984 1836 1050 capite
1863 984 2042 1049 puniri.

357 1072 570 1122 Constat
613 1072 748 1139 apud
784 1072 1041 1122 Romanos
1093 1072 1284 1121 ultimis
1337 1072 1524 1121 liberae
1579 1073 1919 1139 recipublicae
1972 1074 2283 1138 temporibus
2335 1090 2417 1121 res
2470 1073 2694 1138 mancipi

141 1159 472 1225 acquirendas
526 1160 726 1208 civilem
779 1161 1062 1223 actionem,
1129 1176 1288 1225 eaque
1354 1159 1617 1209 deficiente
1671 1161 2035 1225 usucapionem
2069 1157 2327 1209 traditioni
2363 1160 2689 1209 accedentem

138 1245 439 1311 postulasse,
475 1246 528 1294 in
563 1261 659 1295 nec
694 1248 913 1313 mancipi
947 1263 1071 1296 vero
1108 1247 1262 1295 rebus
1297 1246 1634 1309 traditionem,
1690 1262 1819 1312 quae
1850 1247 1978 1312 juris
2015 1247 2238 1313 gentium
2276 1255 2365 1309 est,
2420 1247 2483 1294 ad
2519 1263 2691 1295 rerum

140 1332 365 1382 dominia
399 1333 644 1383 mutanda
682 1335 803 1383 satis
838 1334 1007 1384 fuisse.
1089 1333 1458 1400 Reputantibus
1494 1335 1642 1383 nobis
1678 1343 1848 1383 utrum
1879 1334 1985 1399 jam
2020 1334 2194 1399 primis
2229 1335 2415 1383 liberae
2452 1333 2691 1400 reipubli-

141 1437 229 1471 cae
268 1420 482 1472 saeculis
520 1439 796 1489 regumque
832 1422 1149 1489 temporibus
1185 1421 1318 1471 idem
1357 1422 1505 1471 fuerit
1541 1422 1885 1483 observatum,
1923 1440 1986 1470 an
2024 1430 2109 1471 aut
2148 1422 2286 1471 solae
2323 1422 2494 1470 civiles
2519 1436 2689 1471 rerum

139 1510 545 1574 comparationes
583 1511 833 1559 valuerint
871 1518 958 1558 aut
996 1509 1267 1575 aliquando
1303 1510 1555 1557 naturales
1585 1511 1637 1557 in
1668 1510 1904 1557 omnibus
1934 1501 2086 1557 rebus
2118 1510 2421 1570 suffecerint,
2460 1518 2689 1557 veterum

137 1611 222 1644 res
257 1596 629 1661 antiquissimas
682 1613 862 1663 parum
915 1597 1274 1663 inquirentium
1327 1597 1630 1658 testimonia,
1685 1597 1868 1662 quibus
1923 1597 1973 1644 in
2030 1597 2322 1645 alterutram
2376 1606 2569 1662 partem
2617 1597 2691 1644 uti

138 1681 302 1745 liceat,
340 1699 501 1749 paene
540 1684 679 1734 nulla
714 1685 899 1735 adsunt
932 1700 1113 1750 neque,
1151 1699 1278 1750 quae
1317 1683 1512 1747 adsunt,
1569 1684 1833 1750 ejusmodi,
1889 1684 2069 1749 quibus
2114 1701 2221 1733 rem
2260 1684 2493 1733 decidere
2532 1684 2690 1750 possi-

138 1783 264 1821 mus.
354 1769 466 1831 Qua
501 1770 564 1821 de
602 1786 754 1822 causa
789 1772 959 1822 mirari
996 1787 1100 1822 non
1136 1771 1268 1834 licet,
1323 1771 1456 1836 quod
1495 1771 1836 1822 diversissime
1875 1770 2139 1820 doctorum
2177 1771 2438 1821 hominum
2486 1770 2688 1837 ingenia

137 1871 246 1907 rem
283 1857 660 1924 explicaverint.
748 1857 989 1910 Probatio
1025 1872 1188 1925 paene
1226 1865 1303 1909 est
1338 1857 1664 1925 desperanda,
1721 1857 1819 1909 hoc
1858 1858 2127 1924 quaeritur,
2175 1874 2301 1924 quae
2339 1858 2403 1909 sit
2439 1857 2690 1909 sententia

137 1944 463 2010 probabilior.
534 1946 652 1996 Jam
687 1948 905 2012 primum
943 1948 1167 1996 omnium
1206 1948 1337 1996 inter
1374 1966 1546 1996 omnes
1584 1949 1704 1996 satis
1742 1957 1956 2009 constat,
1987 1948 2070 2012 jus
2090 1948 2314 2012 gentium
2336 1948 2439 1996 sive
2460 1947 2687 1995 naturale

138 2035 389 2083 vetustius
424 2051 550 2097 esse,
585 2035 841 2101 proditum
876 2052 1043 2084 rerum
1079 2044 1261 2084 natura-
1300 2053 1412 2083 cum
1448 2036 1555 2101 ipso
1594 2052 1779 2101 genere
1817 2036 2059 2097 humano,
2089 2035 2172 2100 jus
2205 2034 2349 2082 civile
2381 2044 2555 2082 natum
2578 2051 2688 2082 esse

139 2135 254 2170 cum
290 2121 578 2172 civitatibus
618 2130 766 2187 atque
802 2123 1015 2188 legibus.
1103 2122 1235 2172 Hinc
1274 2131 1493 2188 apparet,
1531 2131 1646 2172 ante
1686 2123 1943 2172 civitatem
1982 2123 2199 2187 aliquam
2236 2122 2561 2170 constitutam
2598 2121 2686 2169 ho-

138 2207 303 2256 mines
351 2208 402 2256 in
455 2224 516 2257 ea
558 2209 768 2275 regione
808 2210 922 2275 jure
967 2210 1184 2257 naturali
1230 2218 1435 2275 agentes
1487 2210 1536 2257 in
1590 2226 1759 2257 rerum
1813 2209 2049 2257 dominiis
2104 2206 2419 2272 acquirendis
2471 2206 2690 2254 naturali

138 2296 334 2345 ratione
372 2312 493 2345 usos
529 2297 700 2358 fuisse,
738 2297 911 2346 civiles
947 2297 1137 2346 formas
1173 2314 1277 2346 non
1316 2314 1416 2346 uno
1452 2305 1695 2362 tempore,
1733 2297 1823 2346 sed
1852 2297 2037 2346 sensim
2060 2296 2344 2359 sensimque
2375 2293 2687 2343 introductas

140 2396 250 2433 esse
290 2381 451 2433 videri
485 2382 595 2448 pari
629 2401 782 2449 passu
819 2401 933 2434 cum
971 2383 1187 2435 civitatis
1225 2383 1477 2445 institutiS,
1531 2398 1643 2433 cum
1690 2383 1861 2449 legum
1910 2381 2151 2448 dignitate
2199 2380 2686 2447 magistratuumque

138 2450 451 2518 auctoritate:
523 2469 655 2530 Quid
692 2481 861 2519 autem
898 2471 960 2518 de
998 2472 1178 2536 priscis
1216 2470 1457 2519 Romanis
1493 2469 1813 2518 statuendum
1853 2469 1967 2518 est?
2020 2467 2135 2533 Ipsa
2170 2466 2430 2516 Romanae
2471 2466 2689 2516 civitatis

140 2560 282 2625 origo
320 2560 458 2607 varie
494 2559 722 2607 traditur.
803 2558 856 2606 Si
893 2575 1071 2607 verum
1109 2569 1199 2621 est,
1249 2561 1501 2608 conditam
1538 2576 1648 2606 eam
1686 2576 1797 2606 esse
1837 2559 1978 2623 quasi
2017 2575 2046 2604 a
2082 2557 2249 2605 subita
2285 2556 2549 2603 hominum
2588 2555 2688 2602 col-

137 2646 344 2696 luvione
382 2662 409 2695 e
445 2646 675 2696 finitimis
709 2647 944 2713 gentibus
981 2647 1208 2710 collecta,
1255 2655 1426 2697 tamen
1474 2664 1532 2697 ea
1574 2662 1655 2695 res
1692 2661 1797 2695 non
1833 2662 2039 2712 prorsus
2074 2660 2314 2711 magnam
2351 2643 2687 2692 verisimilitu-

141 2732 311 2784 dinem
349 2733 495 2784 affert
531 2734 811 2784 sententiae
850 2751 1040 2796 eorum,
1096 2735 1181 2800 qui
1235 2736 1508 2785 formarum
1559 2734 1761 2800 proprie
1808 2733 2026 2782 civilium
2063 2748 2302 2800 magnam
2340 2732 2459 2781 olim
2496 2739 2548 2780 et
2582 2731 2686 2780 vim

141 2829 192 2871 et
225 2837 372 2871 usum
407 2821 561 2870 fuisse
599 2820 1062 2871 animadvertentes
1098 2823 1270 2871 omnia
1304 2823 1561 2872 hominum
1596 2821 1855 2886 privorum
1886 2821 2001 2886 jura
2047 2839 2077 2869 a
2119 2821 2427 2887 reipublicae
2473 2819 2686 2868 auctori-

138 2916 242 2959 tate
278 2909 520 2975 profecta,
567 2916 832 2973 totumque
873 2908 956 2973 jus
994 2908 1139 2958 civile
1178 2910 1284 2958 sive
1320 2911 1568 2975 privatum
1605 2926 1633 2957 a
1669 2908 1870 2957 civitate
1906 2907 2174 2958 fundatum
2213 2909 2421 2974 ejusque
2458 2906 2685 2972 potentia

140 2996 345 3044 demum
380 2997 822 3064 progredientibus
859 2997 1072 3064 saeculis
1111 2999 1415 3062 explicatum
1454 2998 1769 3060 solutumque
1808 3012 1919 3042 esse
1958 2996 2227 3043 affirmant.
2317 2993 2470 3043 Omni
2518 2993 2566 3040 id
2612 2992 2682 3038 hi-

141 3084 326 3134 storiae
362 3085 546 3133 rationi
584 3084 889 3133 contrarium
928 3091 1061 3131 esset
1098 3084 1328 3134 docentis
1367 3086 1449 3151 jus
1496 3085 1745 3151 privatum
1795 3098 2028 3149 quaeque
2079 3100 2143 3131 ex
2191 3099 2249 3130 ea
2296 3083 2679 3149 proficiscuntur

344 3260 390 3305 ²⁸)
414 3261 432 3305 §
458 3260 532 3296 472
567 3264 608 3296 In
636 3272 673 3297 re
699 3272 764 3297 nec
790 3263 941 3303 mancipi
968 3271 1030 3303 per
1056 3265 1280 3299 traditionem
1305 3267 1429 3300 deduci
1455 3265 1674 3299 ususfructus
1700 3271 1769 3296 non
1798 3267 1926 3305 potest,
1956 3271 2071 3305 neque
2098 3265 2132 3297 in
2161 3264 2312 3302 homine,
2341 3262 2368 3294 si
2397 3260 2578 3301 peregrino
2606 3263 2683 3292 tra-

141 3326 266 3360 datur:
297 3326 387 3359 civili
414 3326 507 3359 enim
534 3326 670 3359 actione
698 3327 863 3360 constitui
889 3329 1016 3370 potest,
1045 3337 1113 3360 non
1142 3329 1340 3371 traditione,
1369 3338 1455 3371 quae
1478 3328 1565 3369 juris
1593 3326 1747 3367 gentium
1775 3330 1841 3358 est.
1896 3322 1947 3357 Cf.
1972 3323 1989 3367 ξ
2011 3322 2082 3358 50:
2116 3323 2326 3365 Pomponius
2355 3323 2450 3362 putat
2477 3319 2520 3353 ad
2546 3322 2681 3352 certum

141 3392 281 3430 tempus
308 3388 429 3421 deduci
469 3387 755 3428 (usumfructum
782 3389 848 3431 sc.)
887 3396 951 3421 nec
977 3397 1040 3430 per
1065 3389 1099 3421 in
1125 3390 1201 3429 jure
1229 3391 1438 3432 cessionem,
1478 3397 1540 3421 nec
1567 3396 1628 3428 per
1653 3386 1963 3428 mancipationem,
1999 3387 2060 3419 sed
2088 3390 2222 3418 tantum
2250 3383 2427 3416 transferri
2456 3390 2535 3414 cum
2562 3389 2680 3422 posse.

142 3451 215 3490 Ego
242 3450 345 3481 didici
372 3453 407 3481 et
434 3450 556 3481 deduci
584 3450 626 3481 ad
654 3454 794 3489 tempus
821 3459 938 3492 posse,
980 3452 1061 3490 quia
1089 3456 1123 3483 ct
1149 3453 1441 3492 mancipationem
1469 3455 1502 3482 et
1528 3451 1562 3480 in
1587 3450 1664 3488 ,iure
1693 3450 1892 3480 cessionem
1932 3449 1987 3480 lex
2025 3449 2103 3480 ΧΗ.
2140 3449 2206 3478 tab.
2249 3445 2464 3476 confirmant.
2518 3461 2564 3465 --—
2616 3443 2683 3475 Per

142 3511 435 3550 mancipationem
463 3510 628 3542 constitui
654 3510 878 3544 ususfructus
905 3521 974 3544 non
1003 3515 1148 3552 poterat,
1177 3512 1403 3544 nihilominus
1430 3513 1563 3551 poterat
1590 3507 1727 3550 deduci,
1755 3509 1849 3551 quia,
1878 3508 1970 3549 quod
1998 3508 2111 3548 lingua
2139 3507 2172 3539 in
2201 3504 2372 3545 mancipio
2399 3503 2558 3537 faciendo
2585 3512 2683 3537 nun-

143 3577 318 3616 cupasset,
347 3572 400 3605 fex
427 3576 541 3604 ratum
569 3580 648 3605 esse
670 3571 836 3612 jusserat.
889 3574 955 3608 Per
981 3575 1205 3608 traditionem
1233 3574 1464 3613 ususfructus,
1502 3575 1539 3605 ut
1566 3580 1621 3605 res
1649 3572 1890 3615 incorporalis,
1931 3568 2092 3605 constitui
2119 3577 2186 3601 non
2215 3569 2361 3609 poterat,
2401 3565 2462 3600 scd
2491 3574 2532 3599 ne
2559 3565 2686 3601 deduci

143 3637 283 3680 quidem
312 3637 457 3678 poterat,
486 3633 568 3677 quia
593 3633 646 3667 lex
673 3633 707 3668 id
735 3638 847 3670 ratum
876 3644 956 3671 esse
983 3646 1052 3671 non
1076 3636 1241 3677 jusserat.

2062 3700 2118 3738 ᾗ*
