3461 4168
1428 146 1488 193 15

187 295 418 346 haberet.
507 295 648 346 Haec
704 304 873 347 autem
928 298 1058 348 ratio
1115 299 1268 348 etiam
1322 299 1504 348 ceteris
1560 298 1745 358 obstat,
1800 296 1887 362 qui
1937 294 2146 344 minime
2195 313 2372 345 ornnes
2420 314 2502 346 res
2540 297 2765 362 mancipi

186 383 343 433 fuisse
381 376 570 446 dicunt,
623 391 796 434 tamen
831 384 1196 450 mancipationi
1248 384 1301 433 in
1354 385 1517 434 veteri
1564 385 1678 449 jure
1716 382 1952 432 latiorem
1990 398 2139 430 usum
2174 381 2434 432 vindicant
2471 402 2547 445 eo,
2604 401 2759 450 quem

187 477 389 520 veteres
427 479 660 542 auctores
696 472 851 523 fuisse
888 472 1131 522 referunt.

404 557 713 609 Niebuhrius
750 562 803 609 in
841 560 955 610 hist.
994 557 1142 607 Rom.
1180 557 1217 606 L
1254 575 1301 623 p.
1342 559 1438 606 503
1497 574 1652 622 quum
1699 557 1794 605 sibi
1842 571 2142 620 persuasum
2190 555 2376 603 habeat
2421 574 2503 605 res
2540 559 2762 624 mancipi

190 662 276 695 eas
316 646 487 710 fuisse,
526 664 655 713 quae
694 648 836 714 cujus
874 663 939 698 ex
970 646 1085 712 jure
1123 643 1394 705 Quiritium
1433 653 1619 707 essent,
1670 660 1902 710 quaeque
1938 643 1990 691 in
2028 660 2238 692 censum
2275 643 2598 706 referrentur,
2650 654 2761 694 tum

191 733 428 799 opinatur
464 735 837 800 antiquioribus
882 733 1203 798 temporibus
1258 732 1410 781 etiam
1466 740 1748 798 argentum,
1804 748 1996 792 aurum,
2050 730 2273 796 pecudes
2326 731 2566 792 minores,
2622 734 2761 781 velut

191 836 331 882 oves,
387 837 580 886 capras,
636 829 687 870 et
738 821 957 869 fortasse
996 836 1175 868 omnes
1211 835 1308 880 res,
1364 835 1490 884 quas
1528 820 1640 883 quis
1676 835 1798 867 vere
1839 835 1955 867 suas
1991 818 2218 879 haberet,
2270 834 2376 866 non
2412 825 2610 866 tantum
2648 835 2760 882 pos-

190 907 417 956 sessione
455 924 485 956 a
519 907 782 974 republica
816 906 902 955 vel
936 913 1154 971 patrono
1194 922 1439 955 concessa
1485 912 1698 967 teneret,
1747 905 1967 971 mancipi
2013 906 2200 954 fuisse:
2276 922 2362 954 aes
2419 905 2541 970 quin
2595 904 2761 966 fuerit,

190 992 400 1043 dubium
438 995 484 1043 ei
522 994 731 1043 omnino
768 1010 874 1041 non
910 992 1128 1043 videtur.
1217 992 1288 1041 At
1339 993 1594 1057 posterius
1633 1000 1768 1041 certe
1804 993 1931 1041 nihil
1969 993 2218 1052 obstabat,
2277 993 2552 1056 quominus
2609 994 2762 1040 etiam

186 1096 270 1128 res
305 1097 401 1128 nec
437 1078 658 1143 mancipi
696 1077 821 1127 civis
857 1076 1077 1127 Romani
1114 1095 1178 1127 ex
1209 1079 1322 1144 jure
1362 1077 1629 1138 Quiritium
1671 1087 1854 1141 essent,
1910 1080 2142 1145 quamvis
2181 1080 2315 1128 civili
2355 1080 2469 1145 jure
2506 1079 2617 1145 ejus
2654 1096 2760 1127 non

187 1167 367 1228 factae,
406 1166 497 1215 sed
528 1167 644 1231 jure
682 1165 924 1231 gentium,
970 1182 1063 1213 nec
1101 1183 1254 1214 causa
1291 1175 1514 1233 apparet,
1570 1184 1658 1214 cur
1695 1168 1816 1215 olim
1853 1184 1960 1215 rem
1997 1167 2235 1215 habuisse
2275 1184 2328 1216 se
2367 1168 2513 1215 aliter
2550 1167 2759 1216 arbitre-

186 1269 313 1301 mur.
385 1252 539 1301 Putat
573 1250 883 1300 Niebuhrius
919 1269 1002 1301 res
1037 1253 1258 1319 mancipi
1297 1270 1408 1302 esse
1444 1270 1526 1303 res
1562 1253 1815 1319 mancipii,
1868 1253 2090 1318 mancipi
2147 1254 2280 1302 enim
2327 1270 2438 1302 esse
2476 1253 2760 1319 genitivum

189 1345 522 1400 contractum,
576 1338 816 1402 mancipii
868 1355 951 1388 res
988 1339 1143 1388 fuisse
1183 1356 1284 1401 eas,
1340 1357 1466 1405 quas
1520 1340 1632 1405 quis
1685 1339 1899 1388 haberet
1954 1340 2006 1387 in
2060 1340 2315 1404 mancipio
2371 1358 2461 1389 suo
2499 1340 2552 1389 id
2590 1349 2668 1390 est
2705 1341 2757 1389 in

184 1426 412 1491 legitimo
451 1424 678 1473 dominio
716 1426 799 1474 vel
853 1443 918 1474 ex
966 1427 1079 1490 jure
1117 1425 1403 1485 Quiritium.
1491 1425 1593 1475 Res
1648 1426 1868 1489 mancipi
1913 1425 2065 1489 igitur
2103 1443 2168 1473 ex
2203 1424 2469 1474 Niebuhrii
2506 1429 2759 1476 sententia

183 1510 322 1559 idem
358 1511 605 1572 valerent,
657 1519 808 1576 atque
844 1530 927 1560 res
966 1511 1177 1560 dominii
1212 1512 1424 1577 legitimi
1463 1513 1546 1560 vel
1584 1530 1649 1560 ex
1690 1512 1803 1576 jure
1843 1509 2127 1569 Quiritium.
2214 1511 2435 1577 Mancipi
2474 1530 2584 1560 esse
2623 1515 2758 1579 geni-

185 1597 348 1646 tivum
385 1605 720 1659 contractum,
769 1600 877 1664 jam
914 1606 1032 1647 ante
1067 1597 1404 1646 Niebuhrium
1456 1599 1628 1664 plures
1685 1607 2008 1661 monuerunt,
2062 1599 2204 1647 velut
2239 1598 2455 1648 Vossius
2510 1599 2596 1665 (de
2652 1608 2759 1650 arte

185 1701 397 1750 gramm.
436 1685 522 1732 III.
563 1686 666 1750 46),
706 1684 984 1734 Salmasius
1022 1686 1107 1751 (de
1144 1702 1280 1734 usur.
1319 1703 1360 1738 c,
1400 1686 1468 1751 8),
1504 1685 1801 1734 Perizonius
1840 1686 1927 1751 (ad
1965 1693 2120 1735 sanct.
2160 1685 2280 1734 Min.
2317 1685 2405 1735 IV.
2444 1702 2483 1734 c.
2515 1689 2545 1734 4
2583 1703 2631 1735 n.
2657 1687 2757 1752 12),

184 1778 336 1835 atque
375 1769 721 1836 Schultingius
757 1772 809 1820 in
840 1772 1043 1837 jurispr.
1081 1772 1332 1837 Antejust.
1370 1790 1419 1838 p.
1459 1774 1555 1821 619
1611 1773 1692 1821 hic
1737 1774 1789 1821 in
1826 1773 2096 1838 mancipio,
2151 1781 2206 1821 ut
2240 1772 2562 1833 Niebuhrius,
2616 1772 2758 1821 videt

185 1857 467 1907 dominium
505 1875 700 1920 verum,
731 1859 845 1924 jure
885 1860 1019 1908 civili
1055 1860 1341 1925 probatum.
1433 1857 1534 1908 Sed
1571 1860 1696 1909 haec
1735 1861 2002 1922 sententia,
2059 1877 2367 1925 quamquam
2405 1860 2529 1908 nihil
2568 1877 2756 1921 moror,

185 1946 459 2011 quominus
495 1963 577 1995 res
616 1947 838 2012 mancipi
875 1947 975 1995 sint
1010 1963 1091 1995 res
1130 1947 1383 2013 mancipii,
1428 1947 1552 1994 mihi
1588 1946 1790 1995 videtur
1825 1947 1954 1996 falsa
1992 1964 2118 1999 esse.
2207 1946 2409 1996 Etenim
2445 1947 2755 2012 mancipium

181 2032 280 2081 hoc
317 2032 454 2081 haud
491 2032 644 2081 dubie
684 2050 838 2081 sensu
875 2033 1219 2081 vetustissimo
1259 2033 1323 2080 ad
1360 2034 1614 2099 agendum
1661 2034 1839 2082 referri
1889 2042 2106 2099 oportet,
2164 2033 2228 2081 ad
2283 2034 2534 2082 actionem
2588 2034 2756 2099 igitur,

182 2135 282 2185 qua
318 2137 400 2170 res
437 2115 668 2186 acquirat
732 2159 743 2169 .
814 2118 993 2185 Itaque
1032 2136 1187 2185 quum
1223 2120 1462 2186 mancipii
1498 2120 1706 2169 nomine
1744 2121 1948 2186 proprie
1986 2128 2200 2170 vocatus
2238 2128 2314 2170 est
2351 2128 2492 2169 actus
2530 2121 2756 2193 solennis

180 2223 272 2272 per
309 2224 393 2257 aes
433 2215 484 2256 et
517 2137 758 2270 libraxb
769 2224 852 2257 res
888 2207 1129 2273 mancipii
1167 2208 1273 2257 sive
1311 2208 1532 2273 mancipi
1571 2224 1660 2256 eae
1697 2208 1916 2269 fuerunt,
1971 2225 2101 2273 quae
2146 2226 2237 2273 per
2273 2225 2359 2256 aes
2399 2215 2447 2256 et
2483 2208 2665 2255 libram
2704 2216 2753 2256 et

179 2301 393 2358 possent
430 2301 480 2342 et
517 2294 900 2359 quodammodo
949 2294 1196 2343 deberent
1241 2294 1520 2343 transferri.
1611 2293 1760 2354 Quod
1815 2302 1984 2343 autem
2037 2293 2359 2354 Niebuhrius‚
2416 2294 2544 2341 sicut
2599 2294 2751 2341 etiam

181 2378 555 2446 Vangerowius
591 2380 644 2429 in
679 2381 811 2429 libro
850 2380 913 2430 de
950 2380 1142 2430 Latinis
1190 2380 1425 2430 Junianis
1476 2381 1551 2446 (p.
1593 2381 1688 2446 79)
1741 2398 1823 2430 res
1870 2381 2089 2445 mancipi
2144 2397 2229 2429 eas
2283 2379 2438 2428 fuisse
2478 2379 2751 2440 existimat,

181 2482 310 2532 quae
347 2467 401 2515 in
437 2481 647 2515 censum
682 2467 1008 2528 referrentur,
1066 2485 1243 2516 omnes
1291 2485 1372 2516 res
1427 2468 1718 2532 corporales
1765 2468 1816 2515 in
1863 2484 2071 2516 censum
2124 2466 2493 2527 referebantur,
2547 2466 2754 2514 tametsi

176 2569 283 2601 non
320 2559 491 2602 essent
524 2552 777 2617 mancipi:
833 2560 884 2601 at
931 2553 1048 2617 jura
1083 2553 1409 2618 praediorum
1445 2554 1765 2614 rusticorum,
1802 2554 1920 2602 licet
1955 2553 2177 2617 mancipi
2215 2561 2402 2613 essent,
2455 2569 2563 2600 non
2600 2552 2752 2601 video

178 2639 266 2704 qui
300 2639 353 2688 in
391 2655 600 2688 censum
636 2639 896 2704 potuerint
932 2638 1169 2689 dedicari.
1258 2640 1363 2690 Nec
1414 2648 1615 2706 oportet
1651 2639 1866 2688 eandem
1904 2639 1971 2688 ob
2009 2656 2216 2688 causam
2253 2656 2370 2687 cum
2406 2637 2752 2704 Vangerowio

176 2742 438 2774 recurrere
477 2725 540 2773 ad
575 2726 719 2773 locos
758 2725 891 2789 apud
929 2724 1030 2774 Cic.
1066 2743 1160 2790 pro
1200 2725 1383 2775 Flacco
1422 2745 1462 2774 c.
1501 2728 1563 2774 32
1604 2734 1653 2774 et
1688 2725 1819 2775 Fest.
1859 2743 1897 2773 s.
1934 2743 1981 2773 v.
2028 2723 2217 2774 Censui
2254 2723 2530 2785 censendo,
2569 2725 2754 2788 quibus

177 2811 441 2877 probetur,
478 2828 560 2859 res
596 2811 818 2876 mancipi
855 2818 904 2860 et
939 2827 1022 2859 res
1060 2812 1234 2860 censui
1271 2812 1527 2861 censendo
1569 2810 1773 2859 easdem
1801 2810 1996 2859 fuisse·
2027 2809 2092 2859 Et
2112 2810 2366 2873 videntur,
2400 2809 2539 2876 quod
2557 2809 2753 2859 Husch-

176 2899 307 2948 kius·
330 2899 383 2947 in
426 2898 557 2947 libro
598 2898 660 2946 de
696 2898 938 2946 institutis
976 2898 1109 2963 regis
1148 2896 1311 2948 Servii
1348 2898 1498 2947 Tullii
1535 2899 1611 2964 (p.
1651 2899 1747 2947 569
1785 2915 1834 2946 n.
1874 2898 1961 2963 86)
2015 2907 2153 2947 recte
2211 2898 2520 2960 observavit,
2578 2898 2753 2946 censui

177 2986 435 3036 censendo
476 2986 584 3036 sola
617 2985 826 3052 praedia
863 3002 973 3034 esse
1014 2986 1281 3051 appellata,
1320 3003 1473 3051 quum
1501 2984 1680 3035 Festus
1708 2986 1739 3034 l.
1769 3003 1808 3034 c.
1848 2986 2024 3034 censui
2060 2985 2319 3035 censendo
2358 3002 2508 3051 agros
2545 2983 2746 3049 proprie

178 3073 421 3139 appellari
460 3073 609 3136 dicat,
647 3073 730 3139 qui
768 3079 817 3122 et
854 3072 952 3121 emi
989 3079 1039 3122 et
1073 3072 1247 3122 venire
1278 3073 1393 3139 jure
1431 3071 1564 3121 civili
1600 3072 1831 3138 possint:
1868 3072 1921 3121 in
1946 3072 2170 3138 praediis
2196 3072 2434 3121 nimirum
2464 3069 2750 3119 differentia

177 3168 286 3210 erat
321 3160 616 3211 Italicorum
655 3168 704 3211 et
741 3159 1141 3226 provincialium,
1197 3176 1325 3225 quae
1372 3159 1659 3225 posteriora
1696 3160 1797 3208 emi
1834 3167 1885 3208 et
1920 3160 2096 3209 venire
2146 3160 2260 3225 jure
2298 3159 2432 3208 civili
2468 3175 2572 3206 non
2608 3165 2749 3221 pote-

176 3255 305 3310 rant,
342 3248 395 3297 id
434 3248 571 3313 quod
607 3249 659 3298 in
699 3248 934 3298 omnibus
970 3247 1122 3296 rebus
1158 3246 1433 3295 mobilibus
1470 3254 1522 3295 et
1558 3264 1611 3295 se
1648 3247 1980 3296 moventibus
2018 3247 2164 3296 aliter
2201 3255 2322 3307 erat,
2378 3244 2616 3309 quoniam
2655 3243 2749 3291 etsi

174 3333 623 3398 mancipationem,
679 3342 730 3384 at
783 3353 889 3383 non
943 3334 1170 3383 similiter
1222 3334 1275 3382 in
1321 3334 1436 3399 jure
1491 3334 1776 3382 cessionem
1830 3351 1913 3383 res
1966 3351 2062 3383 nec
2117 3333 2335 3397 mancipi
2391 3330 2745 3378 excludebant.

177 3420 518 3488 Goettlingius
554 3423 608 3471 in
644 3423 759 3472 hist.
795 3423 951 3472 instit.
987 3440 1116 3489 resp.
1152 3420 1298 3471 Rom.
1353 3422 1431 3487 (p.
1472 3422 1602 3489 124)
1658 3421 1723 3470 ad
1758 3419 2026 3470 Niebuhrii
2074 3420 2372 3470 sententiam
2410 3417 2619 3483 propius
2669 3434 2746 3464 ac-

176 3510 364 3559 cedens
403 3527 516 3557 eam
551 3511 813 3576 restringit
846 3512 931 3573 ita,
970 3518 1026 3559 ut
1061 3527 1143 3559 res
1179 3510 1397 3575 mancipi
1433 3517 1578 3574 putet
1615 3526 1716 3571 eas,
1772 3526 1902 3574 quae
1943 3525 2058 3558 aere
2097 3507 2238 3572 gravi
2274 3507 2325 3553 in
2362 3505 2748 3570 mancipationi-

175 3598 272 3647 bus
311 3596 374 3645 ad
412 3604 602 3646 certam
640 3614 890 3647 summam
928 3596 1091 3664 redigi
1125 3597 1412 3664 potuerint:
1469 3613 1554 3645 eas
1607 3603 1716 3645 tum
1773 3614 1802 3645 a
1854 3613 1972 3662 rege
2028 3593 2206 3642 Servio
2263 3591 2428 3641 Tullio
2483 3592 2534 3640 in
2590 3609 2749 3640 censu
