3461 4168
2009 117 2072 167 56

752 276 970 342 pecunia
1004 293 1111 324 non
1145 275 1219 325 ita
1253 276 1414 325 multo
1451 283 1569 341 post
1615 276 1785 341 legem
1820 273 2100 324 Poeteliam
2145 274 2304 323 latam
2350 291 2473 324 cusa
2516 275 2733 340 amplius
2778 293 2988 328 necesse
3033 294 3140 327 non
3189 284 3327 329 esset

751 363 936 412 libram
972 370 1024 411 et
1057 362 1399 429 libripendem
1431 363 1690 424 adhibere,
1727 363 1853 412 haec
1884 378 2086 428 quoque
2117 378 2215 422 res,
2252 369 2307 410 ut
2336 361 2587 427 conjicere
2623 361 2757 424 licet,
2793 380 2899 412 non
2934 382 3116 429 parum
3149 364 3325 426 valuit,

754 465 844 498 cur
879 467 1073 498 nexum
1111 450 1517 499 submoveretur.
1607 448 1928 517 Quapropter
1963 447 2162 498 videtur
2197 464 2322 496 mox
2358 449 2567 497 omnino
2604 448 2654 496 in
2694 447 3083 500 desuetudinem
3119 451 3320 502 abiisse.

970 536 1049 586 De
1086 539 1341 603 mancipio
1378 555 1541 603 pauca
1562 529 1757 586 dicam.
1828 537 2013 586 Priscis
2048 535 2291 584 Romanis
2326 553 2409 584 res
2445 536 2679 602 mancipi,
2729 553 2859 601 quae
2895 539 3326 604 mancipationem

756 632 808 674 et
842 625 1162 690 recipiebant
1199 633 1248 674 et
1285 624 1665 689 quodammodo
1712 606 2054 690 postulabant,
2107 624 2212 671 fere
2267 623 2447 672 unicae
2501 624 2755 689 pretiosae
2811 633 2970 686 erant,
3025 641 3186 691 eaque
3241 643 3325 676 res

754 712 895 761 haud
926 713 1079 761 dubie
1108 730 1213 761 non
1244 711 1388 777 parvi
1415 712 1662 759 momenti
1692 712 1801 773 fuit,
1841 730 1929 760 cur
1960 711 2211 761 alienandi
2240 718 2290 758 et
2319 710 2616 777 acquirendi
2642 711 2809 758 forma
2837 719 3151 761 notarentur.
3206 712 3326 761 Jam

756 816 883 849 vero
920 800 1278 866 progressione
1316 798 1625 863 reipublicae
1644 797 1924 861 Romanae,
1963 816 2119 865 quum
2147 799 2316 847 multis
2348 800 2586 864 gentibus
2618 806 2667 847 et
2684 800 2833 847 terris
2853 800 3074 848 subactis
3094 808 3326 849 veterum

758 887 1077 953 simplicitate
1117 886 1351 951 neglecta
1385 885 1538 934 luxus
1585 885 1873 949 invasisset,
1930 902 2088 953 quum
2141 886 2382 954 plurimae
2436 902 2519 935 res
2574 886 2850 952 majoribus
2903 904 3065 954 paene
3119 888 3325 954 ignotae

759 983 944 1036 essent,
1000 991 1128 1040 quae
1183 990 1265 1022 res
1313 972 1533 1038 mancipi
1582 973 1733 1038 pretii
1767 974 2135 1041 magnitudine,
2190 972 2433 1041 quasdam
2488 974 2642 1023 etiam
2696 973 3026 1025 diuturnitate
3079 975 3325 1042 temporis

756 1064 902 1111 facile
940 1062 1218 1123 vincerent,
1256 1061 1487 1126 iniquum
1524 1059 1809 1123 videbatur,
1857 1062 2149 1127 hujusmodi
2196 1080 2277 1111 res
2312 1080 2405 1111 nec
2450 1063 2669 1128 mancipi
2718 1081 2869 1129 posse
2907 1064 3018 1112 sola
3052 1064 3325 1113 traditione

755 1149 963 1214 acquiri,
1001 1166 1083 1197 res
1120 1149 1342 1214 mancipi
1378 1149 1544 1196 minus
1582 1149 1835 1213 pretiosas
1882 1151 2082 1199 civilem
2130 1151 2381 1199 actionem
2426 1149 2698 1220 requirere.
2769 1150 2893 1199 Erat
2929 1168 3083 1217 porro
3122 1159 3327 1200 auctum

756 1237 1120 1285 commercium
1158 1253 1274 1284 cum
1311 1236 1608 1301 peregrinis,
1660 1253 1775 1283 cum
1814 1254 1875 1285 eo
1907 1238 2037 1301 juris
2074 1239 2302 1303 gentium
2337 1238 2413 1287 vis
2450 1245 2499 1286 et
2535 1255 2680 1299 usus,
2735 1238 2909 1287 civiles
2947 1238 3173 1287 actiones
3211 1239 3327 1287 alie-

754 1340 848 1371 nas
886 1322 1220 1388 aspernantis.
1293 1321 1357 1371 Et
1394 1339 1549 1388 quum
1588 1321 1815 1370 dominia
1851 1340 2023 1372 rerum
2059 1324 2279 1390 saepius,
2318 1342 2468 1390 quam
2506 1333 2670 1385 antea,
2706 1332 3040 1387 mutarentur,
3077 1342 3181 1374 non
3209 1342 3325 1374 raro

754 1410 806 1459 in
844 1410 998 1460 rebus
1035 1410 1257 1477 mancipi
1293 1409 1660 1459 transferendis
1708 1410 2101 1476 mancipationis
2146 1429 2260 1460 cum
2305 1412 2495 1478 majore
2544 1411 2839 1461 difficultate
2887 1413 3187 1478 conjunctae
3232 1429 3329 1461 usu

759 1497 1178 1564 supersedebant.
1251 1497 1363 1557 Qua
1408 1514 1462 1546 re
1500 1506 1671 1546 motus
1707 1506 1915 1563 praetor
1954 1516 2096 1560 eum,
2152 1500 2239 1564 qui
2283 1499 2553 1548 traditione
2602 1499 2904 1564 acquisierat
2949 1516 3057 1547 rem
3093 1500 3328 1565 mancipi,

758 1593 939 1635 contra
976 1585 1372 1635 vindicationem
1409 1585 1593 1650 prioris
1631 1584 1825 1633 domini
1862 1586 2165 1650 exceptione
2205 1585 2309 1634 doli
2345 1586 2594 1648 tuebatur,
2650 1585 2831 1635 deinde
2871 1585 3035 1635 eidem
3075 1586 3329 1636 actionem

757 1672 914 1722 dabat
951 1672 1324 1738 (Publicianam
1363 1672 1576 1737 scilicet)
1633 1671 1698 1720 ad
1733 1672 2136 1737 recuperandam
2174 1690 2282 1721 rem
2320 1674 2570 1734 amissam,
2627 1690 2725 1738 qua
2762 1673 2912 1722 etiam
2952 1680 3131 1723 contra
3167 1672 3326 1722 domi-

754 1778 879 1809 num
916 1778 982 1809 ex
1012 1761 1127 1826 jure
1166 1759 1434 1820 Quiritium
1471 1768 1733 1808 auctorem
1770 1776 1918 1808 suum
1955 1760 2029 1808 uti
2065 1768 2292 1825 poterat,
2348 1778 2503 1826 quum
2542 1761 2895 1826 exceptionem
2932 1759 3144 1809 dominii
3180 1761 3327 1826 repli-

756 1849 958 1898 catione
1015 1848 1120 1898 doli
1173 1848 1464 1897 infirmaret.
1572 1847 1954 1914 Obligationem
2018 1848 2270 1915 insignem
2326 1866 2390 1897 ex
2447 1849 2698 1915 mancipio
2754 1849 3066 1898 auctoritatis
3120 1850 3327 1898 nomine

757 1937 1028 1986 oriundam
1066 1937 1250 2003 duplae
1289 1937 1628 2003 stipulatione,
1669 1945 1719 1985 et
1754 1954 1859 1984 non
1896 1944 2097 1984 tantum
2133 1937 2184 1984 in
2221 1937 2374 1985 rebus
2410 1938 2645 2003 mancipi,
2683 1954 2859 1995 verum
2897 1938 3048 1985 etiam
3085 1937 3135 1984 in
3173 1937 3327 1985 rebus

756 2042 851 2073 nec
889 2026 1112 2090 mancipi
1148 2025 1548 2091 pretiosioribus,
1586 2024 1928 2072 imitabantur.
2014 2023 2352 2072 Nihilominus
2389 2026 2789 2091 mancipationes
2828 2023 2940 2089 Gaji
2975 2033 3205 2090 tempore
3244 2024 3327 2072 ad-

756 2111 969 2162 modum
1006 2112 1302 2177 frequentes
1339 2112 1493 2161 fuisse
1531 2110 1782 2173 videntur,
1820 2111 1871 2160 in
1908 2111 2131 2176 praediis
2179 2112 2492 2177 praesertim,
2548 2121 2603 2161 ut
2640 2112 2880 2178 suspicor.
2952 2110 3021 2161 Ut
3057 2128 3187 2173 eum,
3243 2111 3330 2177 qui

756 2216 866 2248 rem
904 2199 1125 2264 mancipi
1161 2198 1399 2248 traditam
1438 2199 1546 2260 sibi,
1594 2216 1698 2247 non
1736 2198 2077 2264 mancipatam
2115 2199 2165 2247 in
2202 2199 2351 2247 bonis
2386 2207 2581 2248 tantam
2617 2199 2854 2261 habebat,
2904 2206 3108 2265 praetor
3154 2198 3328 2247 tueba-

756 2295 866 2348 tur,
906 2287 978 2335 ita
1032 2286 1315 2335 secundum
1368 2287 1566 2335 tabulas
1622 2287 1914 2335 testamenti
1971 2295 2167 2351 septem
2214 2286 2419 2335 testium
2468 2287 2624 2351 signis
2663 2286 2956 2351 obsignatas
2994 2285 3328 2335 hereditatem

758 2373 929 2435 dabat,
984 2374 1190 2422 tametsi
1244 2391 1336 2439 per
1391 2391 1475 2422 aes
1523 2382 1571 2422 et
1626 2373 1809 2422 libram
1863 2375 2054 2422 factum
2109 2391 2212 2421 non
2268 2381 2414 2422 esset.
2504 2372 2781 2422 Theodosii
2836 2372 3045 2422 secundi
3098 2381 3328 2439 tempore

757 2479 1023 2527 nunquam
1060 2462 1111 2510 in
1148 2461 1471 2511 testamentis
1508 2460 1752 2510 faciendis
1799 2461 2190 2527 mancipationis
2235 2461 2399 2509 forma
2443 2461 2746 2510 utebantur:
2800 2460 3110 2526 nuncupatio
3156 2478 3330 2509 coram

761 2549 987 2613 quinque
1025 2549 1241 2596 testibus
1280 2549 1575 2596 sufficiebat.
1664 2548 1721 2596 In
1764 2550 1878 2613 jure
1916 2548 2237 2597 Justinianeo
2274 2549 2595 2613 mancipatio,
2644 2548 2985 2597 verisimiliter
3025 2547 3223 2612 jamdiu
3264 2566 3330 2596 ex

760 2636 896 2686 vitae
934 2653 1029 2685 usu
1067 2635 1281 2698 sublata,
1329 2635 1497 2684 locum
1534 2654 1637 2685 non
1674 2635 1843 2686 habet.
1934 2635 2048 2702 Ipse
2086 2635 2343 2702 legislator
2389 2635 2727 2685 differentiam
2780 2652 2949 2685 rerum
3004 2634 3225 2700 mancipi
3279 2641 3330 2685 et

759 2743 855 2774 nec
901 2724 1147 2790 mancipi,
1204 2742 1354 2790 quam
1405 2743 1524 2774 sane
1562 2725 1821 2791 antiquam
1858 2725 2042 2774 merito
2093 2725 2341 2790 antiquari
2386 2724 2520 2786 dicit,
2576 2725 2627 2773 in
2673 2723 3036 2773 constitutione
3092 2722 3154 2772 de
3210 2741 3324 2773 usu-

763 2813 977 2878 capione
1014 2812 1427 2861 transformanda
1463 2812 1537 2879 (C.
1575 2812 1684 2862 VII.
1724 2814 1811 2878 31)
1851 2813 2066 2862 sustulit.
