3461 4168
1890 136 1953 184 22

622 293 933 358 permutatio
970 293 1105 340 forte
1144 299 1282 340 esset
1315 293 1399 340 vel
1435 290 1571 341 dotis
1608 292 1906 341 constitutio
1927 291 2237 349 donationi,
2283 291 2370 340 vel
2403 308 2564 354 quum
2606 292 2799 342 femina
2834 291 3213 359 coe-mium

623 380 830 441 faceret,
887 379 1193 445 plerumque
1230 380 1385 428 etiam
1419 379 1472 426 in
1508 378 1849 428 ffliisfamilias
1884 377 2238 445 mancipandis
2274 394 2456 428 vetum
2492 377 2717 443 pretium
2749 396 2857 427 non
2892 376 3216 430 intercedere-

620 466 735 532 Ipsa
768 467 966 533 negotii
1001 475 1187 514 natura
1222 467 1528 533 postulabat.
1601 463 1799 512 Verum
1836 465 1989 513 etiam
2020 482 2176 530 quum
2211 481 2380 523 causa,
2419 481 2550 527 quae
2587 463 2801 513 suberat
2830 464 3214 529 mandpatioffi,

623 565 750 602 vera
786 559 925 603 esset
962 553 1155 618 emptio
1191 552 1438 614 venditi0,
1483 551 1594 617 ipsa
1628 551 1941 617 mancipatio
1977 550 2096 618 Gaji
2131 558 2363 617 tempore
2399 550 2702 616 imaginaria
2737 558 2859 599 erat.
2946 550 3082 602 Num
3116 552 3214 601 finit

622 638 929 703 imaginaria
963 639 1194 690 venditio
1233 639 1300 688 ab
1334 638 1521 688 initio?
1609 636 1667 687 Id
1716 636 1924 702 quidem
1965 653 2075 688 non
2110 645 2251 704 puto,
2334 635 2402 686 In
2433 635 2639 702 publica
2673 636 2895 702 praedae
2931 636 3027 687 sub
3064 636 3214 689 hasta

621 723 940 787 venditione,
977 726 1058 775 cui
1099 740 1299 789 semper
1318 738 1443 771 vera
1479 723 1754 789 emptionis
1791 722 2104 772 venditionis
2142 741 2298 773 cansa
2332 723 2553 783 suberat,
2589 738 2774 771 verum
2805 723 3041 789 pretium,
3077 723 3213 787 prin-

622 810 759 876 cipio
795 812 1112 877 praesertim,
1169 809 1340 858 statim
1379 825 1662 874 appensum
1702 825 1815 857 esse
1851 824 2156 873 persuasum
2202 808 2331 858 mihi
2381 808 2564 869 habeo,
2617 807 2854 874 idemque
2910 815 3213 873 usurpatum

623 913 740 949 esse
779 914 810 948 a
844 898 1057 965 privatis
1095 896 1390 947 hominibus
1427 913 1510 947 res
1546 896 1769 962 mancipi
1804 894 1903 944 hoc
1942 894 2099 944 modo
2135 895 2271 944 inter
2307 913 2362 945 se
2399 895 2837 945 transferentibus.
2925 894 3111 956 Causa,
3155 901 3214 945 ut

623 985 825 1051 opinor,
882 1001 1033 1049 quam
1071 982 1138 1033 ob
1176 999 1384 1034 causam
1420 983 1730 1050 mancipatio
1770 982 1963 1032 sensim
1998 982 2295 1047 sensimque
2346 983 2648 1050 imaginaria
2698 984 2834 1033 facta
2887 991 2965 1033 est
3019 983 3212 1049 emptio

622 1073 854 1121 venditio
900 1072 1009 1136 jam
1063 1071 1125 1119 iis
1177 1071 1523 1135 temporibus,
1579 1070 1764 1136 quibus
1818 1087 1970 1118 aerea
2021 1068 2262 1133 pecunia·
2293 1069 2586 1132 utebantur,
2638 1069 2868 1135 inprimis
2922 1068 3050 1119 haec
3102 1069 3212 1119 fuit.

622 1159 907 1223 Postquam
944 1159 1072 1206 haec
1108 1159 1502 1222 mancipationis
1539 1158 1821 1208 solennitas
1855 1165 1978 1205 nata
2013 1164 2131 1217 est,·
2154 1155 2558 1218 desiderabatur,
2610 1166 2668 1206 ut
2715 1156 2868 1206 etiam
2914 1156 2958 1205 si
3004 1156 3103 1206 alia
3147 1173 3214 1206 ex

624 1262 781 1292 causa
815 1253 1021 1309 praeter
1056 1260 1233 1291 veram
1272 1246 1587 1307 emptionem
1624 1245 1976 1292 venditionem
2011 1243 2295 1291 dominium
2331 1243 2747 1292 transferendmn
2784 1251 2936 1304 esset,
2981 1242 3077 1292 hac
3113 1242 3212 1303 via,

622 1332 721 1378 hoc
759 1340 877 1378 actu
914 1332 1138 1379 maxime
1177 1331 1314 1378 civili
1349 1332 1462 1378 fieri
1498 1330 1550 1377 id
1586 1331 1777 1381 liceret.
1868 1328 2135 1389 Quocirca,
2189 1329 2270 1377 cui
2322 1328 2455 1377 forte
2506 1345 2574 1377 ex
2621 1347 2778 1378 causa
2809 1327 3214 1394 permutationis,

622 1418 910 1480 solutionis,
949 1416 1262 1479 donationis,
1315 1417 1680 1466 transacti-onis
1718 1417 1818 1466 alia
1850 1433 1935 1465 res
1972 1415 2195 1480 mancipi
2229 1415 2588 1464 transferenda
2625 1423 2749 1477 erat,
2804 1416 2851 1465 is
2894 1415 3078 1466 eodem
3112 1416 3213 1466 ritu

620 1520 781 1553 manu
816 1522 925 1553 rem
964 1506 1175 1571 capiens
1210 1512 1437 1570 emptam
1474 1505 1573 1553 sibi
1609 1521 1721 1553 esse
1775 1504 1982 1552 dicebat
2030 1503 2162 1551 libra
2206 1511 2256 1551 et
2301 1520 2434 1563 aere,
2489 1520 2618 1567 quae
2668 1502 2876 1567 quidem
2919 1502 3216 1567 hujusmodi

622 1593 791 1642 causis
829 1592 1114 1659 symbolice
1149 1591 1564 1641 interveniebant
1601 1590 1666 1639 ad
1701 1591 2040 1639 imitationem
2074 1591 2211 1638 illius
2244 1607 2398 1638 verae
2428 1590 2752 1639 venditionis.
2806 1588 3017 1638 Poterat
3043 1599 3215 1639 autem

621 1677 880 1745 mancipio
920 1678 1177 1744 accipiens
1211 1678 1444 1743 profiteri
1479 1693 1591 1726 rem
1631 1677 1728 1727 sibi
1766 1692 1879 1728 esse
1918 1684 2158 1743 emptam,
2212 1693 2368 1743 quum
2421 1678 2625 1728 emendi
2677 1678 2854 1739 verbe,
2905 1676 3059 1727 Festo
3100 1695 3213 1727 auc·

620 1773 751 1827 tore,
776 1764 864 1829 ιο)
901 1764 1039 1829 apud
1076 1764 1315 1828 antiquos
1351 1762 1617 1818 Romanos
1652 1763 1781 1812 nihil
1818 1763 1957 1812 aliud
1994 1764 2380 1829 significaretur,
2418 1780 2569 1829 quam
2608 1781 2810 1814 sumere
2846 1765 2931 1814 vel
2967 1765 3213 1831 accipere,

621 1868 777 1918 quam
812 1852 1082 1900 notionem
1119 1851 1275 1900 etiam
1310 1867 1450 1899 nunc
1486 1850 1742 1900 cernimus
1778 1850 1831 1898 in
1868 1850 2041 1899 verbis
2079 1850 2393 1915 compositis,
2442 1851 2612 1915 qualia
2649 1860 2767 1902 sunt
2805 1851 3047 1913 adimere,
3098 1850 3214 1902 diri·

620 1955 779 2001 mere,
818 1939 1060 1987 eximere.
1149 1937 1409 1985 Particula
1443 1938 1590 1999 aeris,
1629 1954 1729 2002 qua
1765 1954 1897 1998 eum,
1954 1938 2039 2002 qui
2074 1937 2373 2002 accipiebat,
2427 1938 2612 1986 libram
2645 1939 2960 2004 percussisse
2997 1947 3214 1999 constat,

623 2026 778 2075 etiam
815 2026 867 2074 in
904 2026 966 2074 iis
1002 2024 1484 2091 mancipationibus,
1539 2024 1591 2073 in
1637 2023 1820 2089 quibus
1868 2041 2047 2071 verum
2096 2024 2316 2090 pretium
2361 2024 2559 2071 nullum
2596 2024 2828 2085 dabatur,
2882 2026 3070 2073 usitata
3107 2034 3216 2074 erat

624 2119 673 2161 et
710 2111 1015 2161 necessaria.
1105 2109 1435 2159 Indicabatur
1483 2110 1672 2159 etenim
1722 2126 1782 2158 ea
1828 2110 1988 2158 librae
2035 2111 2367 2175 percussione
2402 2111 2597 2177 negotii
2633 2111 2844 2177 gerendi
2880 2113 3125 2177 perfectio
3166 2120 3216 2160 et

626 2199 898 2247 absolutio
971 2197 1262 2262 Oportebat
1296 2205 1564 2262 praeterea
1601 2199 1653 2246 in
1692 2205 1808 2247 actu
1845 2198 1943 2247 hoc
1982 2198 2117 2247 civili
2154 2197 2218 2245 ad
2255 2198 2646 2263 mancipationis
2682 2215 2774 2263 per
2814 2216 2899 2246 aes
2939 2207 2988 2247 et
3030 2199 3213 2246 libram

624 2291 801 2349 gestae
838 2301 1076 2332 normam
1111 2283 1292 2332 referri
1330 2290 1381 2332 et
1418 2282 1797 2333 accommodari
1835 2283 2009 2331 omnia
2096 2281 2207 2331 Tali
2254 2299 2383 2331 vero
2421 2284 2730 2350 imaginario
2777 2284 2941 2349 pretio
2980 2284 3132 2333 etiam
3172 2285 3216 2333 si

621 2386 748 2420 vera
783 2387 939 2420 causa
976 2371 1213 2421 subesset
1250 2370 1523 2436 emptionis
1560 2370 1889 2431 venditioniS,
1927 2387 2033 2418 non
2069 2377 2269 2418 tantum
2306 2370 2577 2433 facilitatis,
2625 2388 2748 2420 vero
2786 2372 2950 2437 pretio
2988 2388 3093 2419 non
3130 2388 3213 2437 ap·

621 2456 899 2521 pendendo
952 2457 1171 2506 testibus
1224 2456 1597 2521 praesentibuS‚
1652 2472 1833 2506 verum
1871 2456 2027 2505 etiam
2062 2457 2384 2506 necessitatis
2418 2473 2573 2506 causa
2607 2459 2683 2507 uti
2719 2465 3013 2523 coeperunt.
3082 2456 3214 2508 Nm

624 2541 843 2607 perinde
879 2542 947 2605 id,
996 2550 1150 2606 atque
1184 2543 1239 2591 in
1274 2542 1457 2591 ceteris
1495 2542 1678 2601 causis,
1726 2542 2007 2591 necessitas
2043 2542 2352 2606 postulabat,
2407 2544 2643 2607 quotiens
2678 2543 2734 2595 id
2768 2544 2992 2610 agebant
3026 2552 3212 2609 partes,

622 2635 682 2676 ut
715 2628 941 2694 pretium
975 2646 1083 2677 non
1119 2635 1607 2694 repraesentaretur,
1662 2627 1754 2676 sed
1790 2627 2029 2678 venditor
2068 2636 2154 2676 aut
2191 2645 2253 2678 eo
2289 2629 2498 2679 nomine
2537 2629 2658 2680 satis
2695 2630 2949 2695 acciperet
2984 2638 3072 2682 aut
3109 2647 3212 2680 om-

621 2716 747 2764 nino
783 2717 1005 2782 pretium
1044 2716 1293 2765 crederet.

1864 2899 1975 2966 §a

846 3033 941 3083 His
990 3034 1256 3101 disputatis
1301 3036 1582 3099 videamus,
1643 3035 1903 3102 quomodo
1953 3037 2143 3085 factum
2191 3037 2269 3099 sit,
2323 3037 2467 3087 utin
2505 3037 2616 3086 aliis
2653 3036 2818 3092 causis
2855 3044 3208 3102 praeterquam

624 3124 679 3173 in
716 3139 988 3173 servorum
1018 3121 1466 3188 jumentorumque
1506 3123 1746 3172 dominiis
1787 3123 2045 3172 mutandis
2082 3124 2460 3190 mancipatione
2498 3132 2649 3189 atque
2687 3123 2739 3171 in
2776 3140 2836 3171 88
2863 3140 2978 3172 aere
3012 3133 3062 3173 et
3078 3125 3209 3173 libra

625 3216 908 3260 uterentur.
996 3206 1063 3257 Et
1117 3208 1336 3274 primum
1383 3209 1587 3275 quidem
1634 3209 1772 3276 quod
1826 3209 2008 3259 attinet
2062 3209 2128 3259 ad
2177 3210 2460 3260 liberorum
2515 3210 2737 3276 capitum
2790 3211 3207 3278 mancipationeS‚

626 3316 784 3364 quum
820 3298 872 3347 in
908 3295 1266 3346 filiosfamilias
1302 3304 1445 3362 pater
1482 3298 1758 3363 antiquitus
1795 3297 1932 3347 idem
1976 3315 2138 3365 prope
2180 3299 2265 3364 jus
2316 3298 2631 3364 eandemque
2679 3305 3020 3365 potestatem,
3056 3306 3207 3366 atque

625 3385 681 3435 in
718 3402 911 3447 servos,
949 3384 1181 3446 haberet,
1221 3382 1407 3433 eodem
1441 3401 1581 3435 more
1621 3402 1709 3435 eos
1747 3385 1985 3436 venditos
2023 3386 2196 3449 fuisse,
2251 3386 2435 3436 mirum
2474 3384 2635 3435 videri
2681 3405 2786 3436 non
2835 3394 3018 3453 potest.
3107 3386 3205 3438 Ro-

838 3548 880 3591 '⁶)
907 3553 1033 3585 Festus
1053 3562 1082 3585 s.
1100 3563 1130 3586 v.
1159 3552 1416 3594 Recemptores
1445 3569 1482 3574 —-
1514 3561 1595 3585 nam
1622 3554 1816 3594 antiquitus
1844 3564 1961 3589 emere
1986 3565 2048 3597 pro
2063 3555 2221 3596 accipere
2251 3554 2458 3597 ponebatur,
2489 3563 2517 3588 s.
2533 3564 2563 3588 v.
2592 3553 2732 3599 Emere,
2754 3554 2848 3597 quod
2863 3564 2956 3590 nunc
2971 3557 3203 3598 estmercari‚

625 3614 761 3655 antiqui
788 3612 1009 3654 accipiebant
1034 3622 1098 3654 pro
1124 3621 1278 3647 sumere.
