3461 4168
1405 131 1468 178 43

293 284 399 333 Liv.
436 282 572 330 VIII.
599 284 677 331 28.
730 282 983 332 Pecuniae
1022 283 1243 331 creditae
1280 283 1418 331 bona
1453 282 1710 346 debitoris,
1746 301 1852 333 non
1887 300 2073 350 corpus
2111 284 2389 334 obnoxium
2426 294 2575 336 esset.
2639 286 2718 336 Ita.

507 371 628 417 nexi
664 371 816 418 soluti
852 379 1154 436 cautumque
1191 369 1244 415 in
1279 377 1556 435 posterum,
1591 388 1655 417 ne
1691 380 2030 419 necterentur.

1363 610 1389 677 ξ
1430 613 1507 659 18.

366 748 498 799 Nexi
534 750 685 816 igitur
723 749 1085 816 obligationem
1123 756 1289 798 certae
1326 748 1571 813 pecuniae
1609 750 1833 816 intelligo
1872 765 1962 815 per
2000 766 2084 799 aes
2123 759 2173 800 et
2217 751 2402 800 libram
2451 758 2709 814 gestorum

154 836 448 886 solennibus
486 835 809 886 damnatione
846 833 1215 885 interveniente
1261 835 1600 884 constitutam.
1671 836 1751 885 Ad
1800 843 1989 886 certam
2035 838 2300 901 pecuniam
2352 837 2502 887 etiam
2543 837 2710 887 simili-

153 922 277 972 tudo
315 923 388 971 rei
419 922 674 987 judicatae
711 942 806 971 nos
844 922 1015 987 rejicit.¹
1089 920 1237 971 Ratio
1277 922 1408 971 inter
1444 941 1631 970 nexum
1681 933 1729 972 et
1773 942 1882 972 rem
1923 922 2198 987 judicatam
2246 924 2567 974 intercedens
2606 945 2710 974 om-

153 1012 275 1059 nino
316 1010 492 1059 eadem
531 1019 652 1071 erat,
691 1027 818 1074 quae
856 1010 986 1057 inter
1022 1011 1449 1075 mancipationem
1490 1019 1539 1058 et
1573 1010 1624 1057 in
1656 1012 1769 1074 jure
1808 1012 2092 1058 cessionem
2129 1012 2487 1060 intercedebat.
2578 1012 2710 1060 Nexi

155 1105 322 1145 autem
355 1099 733 1163 obligationem,
770 1105 826 1144 ut
862 1097 1068 1162 perinde
1106 1098 1282 1159 civilis,
1321 1105 1470 1161 atque
1501 1097 1724 1161 judicati,
1763 1105 1911 1159 esset,
1951 1099 2219 1161 oportebat
2256 1100 2458 1159 habere,
2498 1101 2708 1163 quaein

151 1201 205 1234 re
231 1185 456 1252 Judicata
493 1185 796 1233 obtinerent.
850 1184 967 1233 Jam
1004 1200 1126 1233 vero
1164 1185 1511 1246 formularum,
1550 1200 1674 1250 quae
1712 1173 1828 1233 inde
1867 1201 1894 1232 a
1931 1185 2045 1251 lege
2076 1186 2293 1233 Aebutia
2329 1187 2430 1234 lata
2467 1188 2516 1234 in
2555 1203 2704 1235 usum

152 1279 417 1334 venerunt,
457 1271 683 1320 omnium
721 1270 785 1321 ad
820 1271 1161 1337 pecuniariam
1200 1272 1604 1322 aestimationem
1641 1271 1997 1322 condemnatio
2029 1272 2418 1337 concipiebatur,
2458 1273 2547 1322 sed
2569 1274 2705 1336 olim,

153 1354 280 1423 Gajo
319 1357 427 1421 (IV.
465 1358 552 1422 48)
588 1364 733 1419 teste,
772 1358 823 1406 in
859 1358 1021 1423 ipsam
1056 1375 1165 1407 rem
1201 1358 1371 1407 fiebat.
1460 1357 1616 1422 Atqui
1653 1359 1937 1423 complures
1975 1358 2074 1406 loci
2113 1358 2409 1423 significant,
2465 1359 2704 1408 creditori

151 1463 256 1494 non
292 1445 493 1494 licuisse
531 1454 737 1494 manum
773 1462 861 1494 reo
900 1445 1121 1510 injicere,
1158 1445 1256 1494 nisi
1292 1445 1536 1510 pecuniae
1576 1454 1705 1494 esset
1735 1446 2007 1510 judicatus,
2044 1463 2138 1493 nec
2175 1446 2331 1493 ullum
2361 1447 2706 1496 testimonium

154 1540 335 1594 exstat,
374 1532 510 1598 quod
547 1532 609 1578 de
648 1532 761 1594 alio,
816 1549 965 1598 quam
1001 1533 1246 1600 pecuniae
1277 1532 1504 1598 judicato
1540 1533 1784 1598 loquatur.
1875 1532 2109 1598 Inprimis
2146 1533 2269 1578 illud
2305 1541 2555 1579 testantur
2599 1535 2708 1598 ipsa

151 1620 310 1669 verba
347 1620 531 1669 actoris
567 1636 773 1669 manum
817 1619 1044 1685 judicato
1082 1620 1352 1685 injicientis
1390 1620 1632 1681 solennia,
1687 1637 1812 1685 quae
1852 1619 1987 1686 apud
2025 1618 2203 1685 Gajum
2245 1619 2352 1683 (IV.
2392 1620 2477 1685 21)
2533 1620 2704 1686 legun-

149 1715 246 1770 tur,
285 1715 349 1770 et,
386 1715 442 1757 ut
477 1707 601 1756 mihi
638 1707 840 1773 quidem
877 1707 1091 1769 videtur,
1144 1707 1302 1757 verba
1355 1707 1510 1773 ipsius
1561 1709 1685 1774 legis
1729 1707 1839 1757 XII.
1876 1708 2163 1757 tabularum
2210 1725 2239 1755 a
2276 1706 2438 1757 Gellio
2478 1706 2612 1772 (XX.
2656 1708 2706 1769 1)

151 1795 299 1844 nobis
349 1801 580 1844 servata:
652 1794 800 1843 Aeris
839 1794 1058 1844 confessi
1094 1795 1346 1858 rebusque
1378 1795 1491 1859 jure
1522 1794 1756 1859 judicatis
1792 1795 2000 1859 triginta
2038 1794 2144 1843 dies
2186 1795 2308 1858 justi
2343 1802 2497 1843 muto.
2582 1793 2706 1844 Post

152 1882 335 1929 deinde
372 1900 552 1929 manus
589 1881 793 1945 injectio
833 1890 957 1929 esto.
1045 1881 1189 1929 Hanc
1234 1882 1399 1945 legem
1436 1882 1571 1929 varie
1615 1882 1917 1946 interpretes
1954 1882 2254 1946 intelligunt,
2310 1900 2461 1945 quum
2499 1881 2582 1928 alii
2620 1899 2704 1929 aes

154 1970 445 2016 confessum
484 1978 533 2016 et
568 1986 650 2015 res
688 1970 801 2032 jure
845 1969 1096 2033 judicatas
1135 1969 1198 2015 ad
1238 1970 1395 2015 solam
1434 1970 1695 2032 pecuniam
1748 1971 1987 2028 referant,
2042 1970 2124 2015 alii
2179 1970 2242 2015 ad
2297 1971 2466 2015 onmia
2520 1969 2705 2027 debita,

151 2057 258 2103 sive
296 2057 347 2102 in
385 2055 553 2102 dando
593 2056 698 2102 sive
736 2057 787 2102 in
823 2057 1056 2103 faciendo
1094 2057 1337 2103 consistat
1371 2056 1623 2120 obligatio,
1663 2057 1746 2102 alii
1782 2073 1906 2103 vero
1927 2057 2209 2121 intelligant
2240 2057 2301 2102 de
2324 2057 2706 2120 quibuscunque

151 2142 395 2207 pecuniae
435 2142 844 2207 obligationibus.
870 2143 953 2208 33)
1041 2141 1330 2190 Huschkius
1377 2148 1510 2189 recte
1554 2142 1772 2207 explicat
1817 2142 1904 2190 illa
1946 2142 2031 2203 ita,
2080 2160 2135 2190 ac
2184 2143 2225 2191 si
2263 2143 2503 2206 scriptum
2543 2149 2706 2189 esset:

149 2227 298 2277 Aeris
354 2228 574 2277 confessi
628 2235 681 2277 et
735 2228 864 2278 aeris
917 2228 1070 2278 rebus
1118 2228 1230 2294 jure
1280 2229 1514 2294 judicatis
1559 2230 1765 2294 triginta
1811 2228 1917 2277 dies
1958 2228 2081 2294 justi
2129 2237 2292 2280 sunto,
2383 2227 2479 2288 Qui
2528 2246 2705 2278 sensus

150 2315 351 2365 videtur
389 2316 577 2381 optime
617 2323 666 2364 et
702 2316 862 2382 magis
901 2334 1051 2381 quam
1094 2317 1219 2365 alius
1257 2335 1370 2364 cum
1407 2317 1677 2365 verborum
1716 2324 1967 2365 structura
2004 2324 2193 2364 attente
2233 2315 2549 2364 considerata
2587 2333 2704 2380 qua-

152 2400 312 2452 drare.
403 2401 596 2462 Quodsi
645 2402 771 2469 legis
827 2404 1082 2453 actionum
1135 2404 1448 2469 temporibus
1501 2403 1551 2451 in
1600 2420 1707 2452 rem
1757 2403 1906 2452 aliam
1950 2410 2150 2469 praeter
2197 2402 2462 2468 pecuniam
2512 2412 2704 2452 certam

151 2489 509 2539 condemnatio
548 2490 681 2539 facta
731 2498 851 2553 erat,
900 2490 1126 2556 judicato
1177 2491 1463 2540 satisfacere
1518 2490 1676 2539 actori
1731 2489 2057 2551 detrectante,
2111 2489 2211 2538 litis
2266 2490 2618 2539 aestimatione
2676 2507 2706 2539 a

146 2577 315 2643 judice
355 2577 610 2626 arbitrove
648 2578 881 2626 facienda
918 2596 1045 2643 opus
1084 2587 1205 2640 erat,
1259 2588 1314 2627 ut
1358 2580 1407 2627 in
1445 2596 1557 2627 eum
1601 2595 1691 2642 per
1726 2595 1905 2626 manus
1960 2577 2285 2641 injectionem
2324 2594 2474 2642 agere
2512 2577 2702 2625 liceret.

150 2661 561 2713 Hocarbitrium
598 2664 673 2712 liti
711 2663 1069 2726 aestimandae,
1124 2675 1392 2731 postquam
1445 2682 1533 2730 per
1568 2664 1835 2712 formulam
1883 2663 1963 2729 agi
2008 2670 2242 2728 coeptum
2283 2671 2372 2724 est,
2429 2679 2541 2710 cum
2589 2664 2701 2728 ipso

147 2751 337 2818 judicio
378 2760 452 2801 est
489 2752 830 2817 conjunctum,
869 2751 1031 2816 adque
1069 2752 1184 2802 ideo
1217 2753 1376 2819 judex
1416 2752 1576 2802 statim
1615 2751 1857 2817 pecuniae
1896 2768 2037 2800 reum
2075 2750 2462 2799 condemnabat.
2488 2752 2571 2814 3⁹)

367 2856 505 2919 Quae
545 2857 715 2907 omnia
752 2857 793 2906 si
829 2857 997 2906 animo
1036 2858 1344 2924 colligimus,
1393 2877 1544 2926 quum
1591 2857 1710 2906 nexi
1759 2856 1999 2923 obligatio
2045 2856 2291 2922 pecuniae
2339 2856 2422 2918 sit,
2479 2869 2701 2922 apparet,

152 2954 319 2996 actum
356 2947 570 3008 civilem,
627 2964 724 3012 quo
780 2945 1188 3009 contrahebatur,
1243 2967 1348 2998 non
1400 2949 1564 2997 minus
1617 2946 1667 2994 in
1721 2963 1835 2994 aere
1890 2943 2245 3011 appendendo,
2301 2963 2452 3010 quam
2489 2945 2699 2993 testibus

150 3036 504 3101 praesentibus
541 3033 716 3101 populi
753 3034 861 3083 vice
898 3035 1225 3100 fungentibus
1263 3038 1531 3102 verbisque
1562 3033 1853 3084 solennibus
1880 3033 2046 3082 nisum
2078 3032 2249 3082 fuisse.
2306 3031 2405 3082 Sed
2433 3033 2697 3098 quaeritur,

354 3218 399 3262 ³⁸)
428 3221 478 3255 Cf.
508 3223 705 3265 Bachos'en,
734 3223 799 3254 das
826 3222 964 3254 Nexum
993 3226 1052 3254 etc.
1081 3231 1114 3263 p.
1146 3219 1213 3255 132
1241 3232 1341 3264 seqq.
1399 3224 1577 3265 Huschke,
1605 3222 1713 3254 Recm
1741 3221 1800 3253 des
1827 3220 1979 3253 Nexum.
2010 3230 2043 3262 p.
2077 3218 2119 3254 13
2148 3232 2181 3255 u.
2216 3220 2270 3255 17.

354 3304 400 3351 ³⁹)
426 3308 521 3352 Loci,
550 3309 608 3351 qui
636 3308 678 3343 de
706 3306 924 3353 pecufniae
947 3307 1098 3349 judicato
1125 3313 1242 3352 agunt,
1283 3309 1316 3343 hi
1351 3314 1444 3343 sunt.
1511 3309 1585 3351 GaJ.
1624 3308 1683 3342 IV.
1711 3304 1752 3341 21
1785 3307 1842 3340 cit.
1909 3306 2012 3349 Quod
2040 3312 2077 3342 tu
2105 3309 2188 3342 mihi
2212 3308 2385 3349 judicatus
2412 3306 2482 3339 sine
2511 3305 2696 3339 damnatus

153 3378 191 3403 es
218 3370 420 3403 sestertium
447 3370 490 3404 X.
520 3370 628 3414 milia,
670 3379 759 3412 quae
786 3371 865 3405 doio
893 3371 985 3404 malo
1020 3379 1087 3403 non
1116 3371 1261 3414 solvisti,
1303 3372 1346 3404 ob
1374 3379 1451 3404 eam
1480 3379 1552 3404 rem
1580 3379 1642 3412 ego
1669 3370 1731 3403 tibi
1759 3369 1964 3402 sestertium
1992 3369 2035 3402 X.
2064 3370 2200 3402 milium
2225 3368 2365 3409 judicati
2394 3375 2534 3399 manum
2561 3366 2693 3405 injicio.

153 3433 230 3474 Gai.
260 3433 322 3465 111.
351 3430 399 3466 78
427 3435 518 3467 bona
544 3451 592 3457 —-
617 3438 770 3468 veneunt
796 3452 843 3458 —-
866 3435 1099 3476 judicatorum
1126 3437 1205 3475 post
1232 3437 1372 3474 tempus
1399 3451 1444 3456 —-
1472 3434 1563 3474 quod
1591 3434 1642 3465 eis
1670 3433 1744 3474 lege
1772 3433 1851 3465 ΧΠ.
1877 3432 2076 3464 tabularum
2103 3449 2148 3454 —
2176 3432 2218 3463 ad
2247 3429 2493 3470 expediendam
2510 3429 2697 3469 pecuniam

152 3495 327 3528 tribuitur.
381 3495 470 3528 Geli.
500 3496 576 3529 XX.
609 3494 622 3529 1
656 3497 889 3536 -judicatis
917 3498 1055 3538 triginta
1081 3497 1155 3529 dies
1184 3500 1267 3528 sunt
1292 3496 1374 3537 dati,
1404 3495 1659 3535 conquirendae
1689 3496 1859 3536 pecuniae
1886 3503 2004 3537 causa,
2032 3502 2135 3536 quam
2164 3493 2393 3525 dissolverent
2421 3508 2465 3514 -
2494 3491 2536 3523 ad
2552 3495 2697 3531 praeto—

153 3567 227 3589 rem
255 3559 289 3590 in
317 3559 496 3589 comitium
524 3560 818 3602 producebantur,
860 3565 1081 3600 quantaeque
1109 3558 1275 3598 pecuniae
1305 3556 1449 3595 judicati
1489 3561 1620 3598 essent,
1662 3558 1939 3597 praedicabatur.
2004 3558 2075 3588 Liv.
2117 3555 2244 3588 xxm.
2276 3552 2317 3586 1⁴
2359 3555 2488 3593 quique
2528 3554 2699 3594 pecuniae

149 3621 293 3660 iudicati
320 3621 354 3652 in
381 3620 529 3651 vinculis
557 3625 689 3653 essent.

2237 3687 2290 3726 5.
