3461 4168
1562 126 1589 178 7

282 280 767 336 continentur-fere
801 282 928 332 locis
965 283 1099 349 apud
1136 283 1442 337 Varronem*
1476 285 1542 335 de
1597 284 1652 334 L.
1688 285 1743 333 Li
1780 283 1910 345 VH„
1949 285 1995 345 5,
2035 284 2131 333 105
2189 290 2238 332 et
2292 284 2426 349 apud
2474 283 2683 334 Festum
2737 300 2775 334 s.
2812 299 2866 335 v.

280 359 519 423 Nexum
560 379 563 382 ¹
1244 404 1250 409 ,
1360 380 1362 382 ’
1394 383 1395 386 “
1506 415 1511 418 ,

497 451 665 503 Varro
700 454 732 504 l.
771 472 811 504 c.
864 454 1068 505 Nexum
1100 455 1343 505 Mmffieue
1391 448 1568 503 'scribit
1613 466 1766 501 omne
1803 453 1942 517 quod
1986 470 2079 517 per
2112 454 2297 501 libram
2335 464 2384 503 et
2421 473 2506 504 aes
2542 459 2747 522 geritur,
2804 459 2859 507 in

282 552 386 606 quo
424 539 527 590 sint
560 541 827 607 mancipia.
909 541 1106 591 Mucius
1139 553 1277 606 quae
1303 553 1406 605 per
1440 551 1528 588 aes
1565 547 1617 588 et
1651 539 1835 587 libram
1868 539 2010 600 fiant,
2064 548 2120 588 ut
2157 540 2460 606 obligentur,
2496 552 2857 610 praeterquam

280 628 537 693 mancipio
575 628 738 678 detur.
808 628 922 678 Hoc
956 628 1129 678 verius
1166 638 1295 688 esse,
1333 626 1502 692 ipsum
1537 621 1753 675 verbum
1791 627 2029 689 ostendit,
2067 627 2130 676 de
2169 644 2270 693 quo
2294 629 2503 693 quaerit.
2555 629 2685 679 Nam
2703 631 2856 694 idem,

281 713 422 779 quod
459 715 714 782 obligatur
746 730 842 782 per
874 715 1073 775 libram,
1126 726 1297 778 neque
1350 726 1498 761 suum
1550 713 1624 776 fit,
1677 712 1798 760 inde
1834 727 2025 760 nexum
2081 714 2286 762 dictum.
2374 712 2543 776 Liber,
2598 717 2684 781 qui
2738 732 2855 767 suas

281 817 465 869 operas
500 803 553 852 in
591 803 890 853 servitutem
924 812 1019 868 pro
1055 800 1276 867 pecunia
1314 800 1533 866 quadam
1572 800 1809 864 debebat,
1867 800 1988 850 dum
2026 801 2262 865 solveret,
2315 815 2482 852 nexus
2518 809 2748 865 vocatur,
2802 811 2858 854 ut

281 887 346 938 ab
384 903 502 939 aere
538 890 825 939 obaeratus.
915 883 1061 952 (Hoc
1099 885 1153 936 C.
1190 883 1412 952 Poplilio
1448 901 1633 937 vocare
1679 882 1804 937 Sino
1860 886 2109 937 dictatore
2165 888 2420 938 sublatum
2474 905 2539 937 ne
2591 887 2753 950 fieret,
2808 897 2860 939 et

281 974 463 1036 omnis,
501 975 589 1040 qui
625 975 814 1024 bonam
852 972 1053 1037 copiam
1083 972 1334 1037 jurarunt,
1371 986 1438 1021 ne
1474 981 1646 1022 essent
1680 974 1818 1035 nexi,
1855 968 2128 1038 dissoluti.)

490 1060 680 1111 'Fessus
715 1074 754 1109 s,
790 1073 840 1111 v..
909 1057 1113 1108 Nexum
1160 1065 1252 1120 est,
1300 1065 1358 1108 ut
1392 1059 1461 1107 ait
1498 1057 1672 1109 Gallus
1708 1060 1902 1122 Aelius,
1958 1059 2301 1125 quodcunque
2338 1076 2429 1125 per
2466 1073 2551 1110 aes
2589 1069 2640 1110 et
2672 1061 2859 1110 libram

280 1145 487 1212 geritur,
533 1139 689 1210 idque
723 1143 862 1193 necti
896 1143 1096 1206 dicitur,
1141 1159 1247 1209 quo
1284 1144 1337 1193 in
1373 1159 1559 1210 genere
1598 1153 1716 1196 sunt
1750 1146 1878 1195 haec
1899 1165 1915 1195 .-
1967 1146 2263 1195 testamenti
2299 1145 2469 1208 factio,
2521 1147 2644 1195 nexi
2681 1144 2856 1196 dando

281 1231 400 1297 (leg.
438 1230 616 1295 datio),
652 1229 775 1278 nexi
809 1225 1078 1278 liberando
1115 1230 1236 1296 (leg.
1272 1230 1545 1295 liberatio).

496 1313 557 1365 In
608 1322 720 1365 toto
775 1314 1025 1366 Varronis
1080 1329 1234 1383 opere
1285 1317 1539 1383 permulta
1592 1326 1864 1368 occurrunt
1915 1318 2119 1368 menda.
2222 1316 2329 1367 Nec
2374 1327 2550 1368 noster
2602 1319 2748 1369 locus·
2791 1319 2855 1369 iis

276 1411 440 1454 vacat.
511 1402 571 1452 In
605 1399 894 1469 postremis,
930 1419 1063 1469 quae
1099 1404 1245 1453 uncis
1280 1404 1478 1466 inclusi,
1513 1405 1692 1455 vitium
1729 1406 1898 1455 inesse
1933 1413 2089 1471 patet.
2181 1400 2285 1454 Sed
2321 1405 2475 1454 etiam
2510 1406 2563 1454 in
2598 1404 2675 1467 iis,
2722 1421 2854 1471 quae

278 1489 604 1551 antecedunt,
659 1486 914 1554 quaedam
966 1490 1331 1555 interpretibus
1386 1490 1706 1540 emendanda
1759 1508 1869 1540 esse
1922 1493 2034 1540 visa
2089 1499 2219 1540 sunt.
2307 1491 2457 1539 Acris
2503 1493 2856 1540 controversia

279 1575 499 1642 agitatur
533 1575 601 1625 de
634 1575 808 1625 verbis
844 1583 1242 1642 „praeterquam
1277 1576 1534 1643 mancipio
1573 1577 1764 1626 detur.“
1850 1577 1953 1626 Pro
2008 1578 2194 1643 quibus
2228 1576 2540 1627 Niebuhrius
2596 1578 2680 1644 (in
2737 1578 2852 1627 hist.

276 1661 423 1714 Rom.
459 1661 497 1713 1.
533 1677 582 1729 p.
621 1661 743 1728 640)
779 1660 1056 1729 legendum
1092 1663 1290 1715 censuit
1339 1670 1583 1729 „praeter
1629 1681 1758 1730 quae
1793 1664 2049 1730 mancipio
2086 1663 2319 1725 dentur‚“
2377 1664 2589 1729 ejusque
2634 1665 2853 1730 vestigia

275 1748 440 1810 multi,
476 1748 610 1798 inter
645 1747 741 1798 hos
778 1746 1072 1798 Odosredus
1107 1747 1397 1811 Muellerus,
1436 1748 1683 1799 Varronis
1723 1749 1910 1811 editor,
1967 1750 2053 1814 qui
2107 1747 2159 1798 in
2195 1749 2324 1798 Mus.
2362 1748 2524 1798 Rhen.
2561 1750 2624 1798 V.
2661 1769 2709 1815 p.
2753 1753 2847 1799 198

275 1833 409 1884 hanc
457 1833 688 1883 defendit
740 1835 1103 1899 conjecturam,
1157 1844 1269 1883 tum
1322 1834 1614 1884 Scheurlius
1666 1839 1729 1903 (l.
1766 1839 1798 1883 l.
1836 1855 1883 1903 p.
1923 1839 1976 1901 9)
2031 1839 2191 1883 secuti
2244 1847 2374 1884 sunt.
2422 1875 2425 1877 Α
2462 1838 2638 1905 Nuper
2673 1847 2847 1885 tamen

274 1922 460 1971 Sellius
498 1932 549 1971 et
583 1912 927 1971 Bachofenius
966 1925 1200 1971 codicum
1238 1927 1538 1989 scripturam
1575 1927 1846 1990 genuinam
1884 1941 1996 1972 esse
2043 1926 2432 1973 contenderunt.
2525 1925 2626 1973 Sed
2663 1925 2848 1974 Sellius

272 2009 603 2060 inferioribus
639 2009 867 2060 offensus
902 2009 1075 2072 verbis
1129 2027 1339 2075 „neque
1384 2028 1529 2060 suum
1569 2011 1668 2060 fit“
1721 2010 1996 2077 legendum
2035 2010 2295 2059 existimat
2348 2027 2483 2072 „nec
2522 2011 2659 2077 quod
2698 2024 2847 2059 suum

271 2097 378 2160 fit,⁴‘
418 2114 520 2164 qua
553 2098 607 2146 in
645 2097 1004 2147 emendatione
1040 2097 1311 2164 probanda
1344 2099 1535 2148 multus
1572 2106 1660 2147 est.
1746 2097 2064 2148 Necessitate
2118 2113 2224 2147 non
2274 2106 2490 2164 cogente
2538 2099 2591 2148 in
2625 2099 2849 2148 lectione

272 2183 523 2246 codicum,
559 2184 679 2234 licet
715 2200 746 2233 a
779 2184 1035 2249 plerisque
1071 2184 1360 2249 reprobata,
1396 2184 1522 2233 nihil
1554 2192 1745 2233 temere
1783 2202 1895 2234 esse
1929 2184 2304 2233 immutandum
2343 2193 2484 2233 ratus
2519 2185 2849 2250 praetulerim

270 2275 445 2319 tamen
490 2285 606 2319 cum
649 2268 914 2319 Huschkio
951 2270 1004 2319 in
1048 2269 1181 2319 libro
1227 2270 1291 2320 de
1331 2271 1446 2336 jure
1495 2271 1614 2320 nexi
1661 2270 1737 2337 (p.
1777 2271 1876 2336 32)
1929 2278 2332 2336 „praeterquom
2372 2271 2627 2335 mancipio
2666 2257 2847 2319 detur⁴‘

268 2355 499 2420 perfacili
535 2355 687 2406 unius
722 2356 899 2406 literae
935 2356 990 2405 in
1026 2356 1243 2406 similem
1278 2357 1582 2418 mutatione,
1634 2375 1735 2421 qua
1771 2355 2010 2416 efficitur,
2065 2364 2121 2404 ut
2156 2375 2336 2404 sensus
2373 2358 2438 2404 sit
2474 2357 2634 2417 idem,
2690 2366 2845 2421 atque

268 2456 338 2492 ex
371 2439 638 2492 Niebuhrii
675 2443 982 2507 conjectura.
1071 2442 1222 2501 Quod
1273 2453 1444 2492 autem
1479 2444 1767 2492 Huschkius
1811 2444 2141 2507 reprehendit
2191 2445 2409 2490 verbum
2463 2445 2846 2510 „obligentur,“

267 2527 423 2595 idque
459 2537 658 2579 mutare
696 2530 807 2578 vult
842 2530 894 2578 in
931 2530 1250 2596 „obligetur“
1288 2539 1377 2580 aut
1411 2532 1755 2597 „obligemur“
1793 2538 1880 2578 aut
1915 2531 2292 2595 „obligemus,“
2335 2531 2565 2578 rationes
2602 2531 2711 2596 ejus
2748 2529 2847 2579 suf-

267 2615 422 2666 ficere
456 2632 563 2666 non
599 2616 851 2667 videntur.
923 2617 1104 2667 Partes
1143 2619 1278 2667 enim
1313 2620 1412 2667 hoc
1447 2621 1563 2667 loco
1599 2619 1809 2683 intelligi
1844 2627 2076 2682 possunt,
2114 2633 2246 2683 quae
2285 2618 2591 2683 obligentur.

485 2703 612 2753 Jure
649 2705 867 2753 consulti
904 2705 991 2765 illi,
1047 2721 1262 2768 quorum
1298 2705 1465 2753 Varro
1510 2706 1665 2753 refert
1698 2705 1818 2752 nexi
1855 2704 2195 2763 definitiones,
2249 2702 2331 2750 Μ’.
2368 2703 2621 2764 Manilius,
2659 2704 2845 2751 consul

268 2807 310 2838 a.
348 2808 395 2838 u.
434 2808 474 2839 e.
514 2793 629 2850 505,
666 2807 816 2854 quem
855 2790 1034 2839 Cicero
1071 2792 1157 2855 (de
1196 2800 1321 2839 orat.
1358 2792 1411 2851 I.,
1448 2792 1536 2855 48)
1574 2808 1692 2838 vere
1733 2791 2459 2854 jurisconsultum'nominari,
2505 2804 2655 2857 quem
2692 2789 2841 2836 Pom-

265 2877 452 2940 ponius
489 2877 544 2925 L.
567 2880 596 2925 2
627 2877 655 2942 ξ
684 2880 753 2926 39
787 2878 849 2924 de
880 2876 1031 2942 O.J.)
1065 2879 1150 2943 jus
1187 2879 1334 2925 civile
1371 2879 1610 2926 fundasse
1648 2878 1781 2937 dicit,
1820 2877 2006 2941 quique
2045 2877 2248 2941 saepius
2284 2877 2335 2924 in
2372 2884 2605 2924 veterum
2643 2877 2840 2940 scriptis

267 2963 501 3023 occurrit,
539 2961 598 3020 Q.
635 2962 832 3011 Mucius
870 2961 1134 3024 Scaevola,
1170 2972 1311 3028 pont.
1347 2974 1508 3023 max,
1535 2963 1711 3026 consul
1748 2979 1790 3009 a.
1827 2979 1874 3009 u.
1913 2978 1953 3009 c.
1996 2964 2111 3022 659,
2150 2977 2302 3026 quem
2339 2955 2536 3009 TuUius
2590 2962 2674 3025 (de
2712 2961 2837 3010 orat.

265 3046 319 3108 I.,
359 3047 449 3112 39)
482 3047 748 3102 hominem
784 3050 1012 3098 omnium
1050 3057 1101 3098 et
1137 3048 1403 3114 disciplina
1432 3050 1560 3114 juris
1597 3048 1757 3096 civilis
1798 3047 2197 3097 eruditissimum
2236 3056 2287 3096 et
2313 3047 2520 3112 ingenio
2551 3045 2836 3110 prudentia-

266 3148 364 3198 que
402 3133 750 3184 acutissimum
787 3119 929 3197 dicit,
961 3150 1113 3201 quem
1132 3134 1449 3201 Pomponius
1486 3135 1561 3200 (L.
1585 3137 1612 3183 2
1635 3134 1661 3200 ξ
1682 3137 1743 3182 41
1780 3134 1918 3200 eod.)
1950 3135 2034 3200 jus
2073 3135 2220 3184 civile
2259 3133 2477 3199 primum
2514 3131 2834 3180 constituisse

262 3220 433 3280 tradit,
481 3226 590 3268 tum
625 3220 804 3269 Aelius
841 3207 1032 3283 Gallus,
1087 3238 1239 3288 quem
1272 3223 1434 3271 libros
1471 3222 1534 3269 de
1570 3221 1860 3283 verborum,
1917 3238 2048 3286 quae
2086 3221 2150 3269 ad
2192 3222 2276 3287 jus
2326 3220 2591 3285 pertinent,
2648 3217 2833 3283 signifi-

213 3335 225 3344 ·
265 3307 465 3355 catione
503 3307 866 3373 conscripsisse
904 3309 1092 3359 scimus
1139 3308 1303 3375 (Gell.
1338 3308 1491 3371 XVI„
1531 3311 1575 3371 5,
1611 3308 1666 3357 L.
1710 3310 1805 3357 157
1845 3307 1908 3357 de
1948 3307 2011 3357 V.
2051 3306 2123 3373 S.)
2160 3307 2342 3356 merito
2379 3306 2508 3375 inter
2540 3304 2669 3368 juris
2707 3304 2833 3351 anti-

264 3393 568 3459 quitatisque
620 3395 957 3459 peritissimos
1010 3397 1236 3447 habendi
1289 3405 1430 3460 sunt,
1468 3398 1575 3463 qui,
1631 3396 1752 3444 dum
1796 3397 1969 3467 ‘libera
2022 3404 2131 3445 erat
2181 3393 2488 3460 respublica,
2552 3391 2833 3439 floruerint.

264 3481 584 3548 Quapropter
621 3483 663 3528 si
703 3484 814 3548 quis
852 3501 941 3533 eos
977 3486 1111 3535 inter
1149 3501 1202 3535 se
1258 3485 1527 3535 conciliare
1582 3473 1892 3533 studendum
1947 3497 2057 3533 esse
2111 3487 2266 3547 putat,
2325 3493 2478 3543 quum
2532 3479 2833 3543 praesertim

261 3585 421 3636 prope
477 3568 712 3634 aequales
766 3570 967 3633 fuerint,
1024 3579 1102 3622 est
1156 3572 1323 3638 aliqua
1374 3570 1447 3620 rei
1500 3569 1645 3620 ratio,
1737 3568 2100 3621 Verumtamen
2158 3581 2330 3615 eorum
2380 3564 2681 3614 auctoritate
2728 3582 2834 3615 non
