3461 4168
1426 126 1489 173 2?

172 298 372 337 omum
409 286 461 329 et
494 279 781 345 probatum,
817 288 968 346 atque
1004 280 1139 341 iden,
1192 294 1348 343 quum
1384 279 1549 344 ipsum
1584 279 1830 346 populum
1867 278 2111 328 adhibere
2145 297 2252 328 non
2289 288 2514 345 possent,
2554 281 2731 347 imagi-

169 386 288 422 nem
342 368 647 418 invenerunt
701 369 1022 436 effigiemque
1079 365 1306 433 ejusdem
1359 366 1411 415 in
1464 367 1652 418 classes
1689 366 1914 433 quinque
1962 364 2124 414 divisi.
2214 367 2388 433 Itaque
2425 369 2466 417 si
2504 369 2731 435 quinque

168 455 384 507 testibus
412 455 606 506 civibus
630 456 984 521 praesentibus
1021 471 1105 504 res
1143 469 1207 503 ex
1242 454 1430 518 praeda
1465 455 1763 506 venumdari
1801 455 1951 504 solita
1987 470 2103 502 aere
2137 462 2187 502 et
2210 455 2340 502 libra
2367 464 2416 504 et
2446 457 2730 522 libripende

169 542 407 594 adhibitis
445 551 738 609 comparata
774 550 895 600 erat,
935 559 995 590 ea
1028 548 1269 604 tanquam
1307 540 1415 605 ipso
1453 542 1642 608 populo
1680 541 2015 592 confirmante
2053 540 2297 606 acquisita
2333 558 2442 592 esse
2481 543 2727 610 intellige-

166 631 329 681 batur.
417 631 523 681 Has
576 631 804 696 inprimis
858 630 924 678 ob
980 646 1159 678 causas
1214 629 1597 694 mancipationis
1653 630 1933 680 solennitas
1986 628 2038 679 in
2091 646 2241 679 usum
2289 629 2429 679 venit
2474 630 2525 678 in
2572 631 2727 682 rebus

166 718 404 784 mancipii
443 717 672 768 emendis
709 715 1105 780 vendendisque.
1193 714 1273 764 Ex
1319 733 1411 766 usu
1448 725 1499 766 et
1535 717 1919 778 consuetudine,
1968 733 2120 781 quum
2158 717 2354 765 firmior
2389 733 2547 780 usque
2582 719 2727 769 fieret

167 813 218 857 et
254 806 498 869 stabilior,
550 805 843 865 necessitaS,
897 812 952 852 ut
987 802 1058 865 fit,
1107 803 1234 869 juris
1272 812 1349 852 est
1382 805 1530 867 facta,
1584 804 1655 852 ita
1700 811 1768 866 ut,
1821 804 1920 853 nisi
1959 803 2054 853 hoc
2092 803 2227 852 civili
2264 811 2380 852 actu
2437 805 2555 863 (aut
2590 813 2726 854 certe

168 892 267 945 alio
305 894 453 956 civili,
489 894 630 943 velut
665 893 717 942 in
747 892 861 957 jure
899 891 1168 954 cessione),
1198 892 1334 957 juste
1369 893 1693 960 legitimeque
1733 893 2003 957 acquisitae
2039 909 2143 941 non
2174 892 2594 958 intelligerentur,
2632 909 2727 940 nec

164 980 444 1033 dominium
480 981 568 1043 rei,
623 979 719 1030 nisi
757 978 998 1043 usucapio
1046 980 1353 1042 accessisset,
1406 987 1660 1030 mutatum
1697 987 1844 1040 esset,
1900 979 2139 1044 pristinus
2177 979 2414 1029 dominus
2454 987 2624 1028 autem
2662 979 2728 1029 ad

161 1066 214 1116 id
250 1076 452 1134 tempus
489 1066 752 1131 impletum
789 1082 897 1113 rem
933 1072 1174 1129 tanquam
1211 1084 1314 1115 non
1352 1046 1622 1116 alienatam
1660 1064 1917 1113 vindicare
1952 1073 2138 1129 posset.
2209 1064 2375 1125 Quum
2413 1083 2473 1114 eo
2512 1083 2725 1131 perven-

163 1161 273 1204 tum
312 1163 461 1214 esset,
498 1154 687 1201 victum
728 1160 836 1201 erat
874 1152 925 1200 in
961 1152 1040 1200 his
1079 1153 1229 1201 rebus
1259 1155 1343 1218 jus
1379 1153 1608 1219 gentium
1639 1152 1752 1216 jure
1793 1152 1939 1199 civili.

377 1240 570 1290 Omnes
607 1239 715 1287 fere
750 1239 902 1303 igitur
940 1239 1220 1303 emptiones
1257 1241 1594 1300 venditiones,
1632 1256 1760 1303 quae
1782 1238 1987 1302 quidem
2023 1257 2127 1287 non
2166 1239 2368 1287 minime
2408 1247 2579 1288 essent
2616 1257 2723 1288 mo-

161 1327 335 1390 menti,
374 1327 426 1375 in
465 1326 643 1376 ultima
680 1327 977 1392 antiquitate
1015 1327 1097 1394 (ea
1132 1335 1315 1391 tamen,
1353 1329 1441 1379 ubi
1476 1328 1591 1376 loco
1628 1325 1879 1393 pecudum
1918 1343 2004 1374 aes
2042 1326 2229 1374 factum
2268 1336 2400 1376 esset
2436 1326 2723 1376 communis

159 1431 329 1467 rerum
369 1415 642 1480 mensura)
697 1432 812 1464 aere
861 1422 910 1465 et
955 1415 1084 1464 libra
1130 1416 1400 1466 accedente
1444 1416 1605 1466 factas
1644 1431 1753 1463 esse
1791 1414 2022 1464 arbitror.
2110 1417 2349 1463 Attamen
2388 1432 2472 1463 eas
2507 1424 2721 1478 tantum,

162 1518 292 1566 quae
328 1501 544 1552 testibus
581 1501 937 1566 praesentibus
976 1509 1025 1552 et
1069 1502 1350 1568 libripende
1408 1501 1636 1552 adhibito
1689 1501 2095 1567 perficiebantur,
2149 1518 2240 1567 per
2294 1518 2379 1551 aes
2435 1510 2485 1550 et
2539 1502 2721 1552 libram

159 1588 272 1640 fieri
307 1589 510 1653 proprie
547 1589 815 1653 loquentes
852 1589 1083 1639 homines
1120 1590 1372 1643 dicebant.
1445 1588 1640 1649 Quodsi
1676 1588 1803 1638 aliae
1839 1606 1921 1639 res
1956 1596 2157 1654 praeter
2195 1606 2293 1651 eas,
2338 1606 2460 1653 quas
2497 1590 2717 1655 mancipi

158 1693 270 1726 esse
309 1676 580 1740 antiquitas
618 1685 871 1734 sanxerat,
912 1676 1086 1725 eadem
1107 1677 1480 1742 mancipatione
1512 1676 1739 1724 adhibita
1757 1676 2120 1736 alienabantur,
2154 1676 2456 1741 mancipatio
2480 1677 2714 1741 proprios

160 1771 212 1812 et
247 1763 527 1828 singulares
566 1763 774 1812 effectus
813 1782 931 1813 suos
967 1782 1070 1814 non
1106 1764 1342 1812 habebat.
1404 1764 1480 1812 Ac
1518 1772 1697 1828 postea
1733 1781 1885 1828 quum
1922 1763 2136 1828 pecunia
2172 1771 2413 1829 argentea
2448 1763 2552 1811 fere
2591 1782 2719 1812 sem-

157 1866 250 1914 per
285 1857 487 1898 utentes
524 1866 760 1900 nummos
797 1850 1200 1912 adnumerarent,
1257 1867 1344 1901 aes
1400 1867 1452 1901 es
1506 1850 1636 1899 libra
1687 1849 1738 1899 in
1792 1850 1944 1899 rebus
1991 1867 2084 1899 nec
2132 1850 2351 1916 mancipi
2399 1851 2719 1915 acquirendis

160 1934 394 1985 adhiberi
432 1935 704 1999 desierunt,
759 1945 955 1988 retenta
1001 1947 1117 1988 sunt
1169 1938 1220 1987 in
1257 1937 1411 1987 rebus
1453 1937 1685 2003 mancipi,
1741 1937 1922 2003 quippe
1979 1955 2105 2003 quae
2144 1937 2479 2004 acquirendae
2517 1939 2720 1986 civilem

159 2020 412 2073 actionem
449 2020 751 2087 flagitarent.

1368 2206 1393 2272 ξ
1435 2209 1511 2254 11.

374 2340 467 2391 His
503 2341 729 2391 tractatis
767 2339 828 2390 de
866 2341 1256 2407 mancipationis
1297 2342 1489 2408 origine
1529 2349 1675 2408 atque
1711 2359 1820 2405 usu,
1874 2349 2044 2408 partes
2089 2341 2237 2407 hujus
2286 2349 2426 2392 actus
2476 2341 2717 2406 solennis,

157 2436 267 2477 tum
302 2437 485 2477 natura
521 2437 670 2492 atque
707 2429 784 2477 vis
819 2429 969 2493 paulo
1009 2430 1264 2490 attentius,
1303 2447 1451 2494 quam
1490 2429 1746 2493 hucusque
1791 2429 1979 2477 factum
2018 2437 2107 2489 est,
2146 2428 2546 2478 considerandae
2585 2438 2718 2479 sunt.

158 2513 225 2562 Et
260 2515 478 2579 primum
516 2514 719 2577 quidem
757 2515 818 2562 de
855 2516 1014 2564 librae
1053 2517 1380 2580 percussione
1411 2516 1517 2580 jam
1554 2515 1757 2576 dictum,
1795 2533 1854 2563 ea
1884 2514 2094 2564 indicari
2122 2515 2315 2580 negotii
2336 2516 2718 2580 perfectionem.

159 2600 273 2651 Hoc
309 2610 479 2650 tamen
516 2620 620 2650 non
658 2602 796 2650 omni
834 2620 900 2650 ex
937 2611 1078 2669 parte
1117 2621 1294 2652 verum
1333 2611 1421 2665 est,
1462 2620 1613 2668 quum
1648 2621 1752 2652 non
1787 2610 1892 2651 tam
1928 2602 2087 2652 librae
2126 2602 2405 2668 percussio,
2444 2620 2593 2668 quam
2631 2620 2718 2653 aes

164 2699 427 2755 acceptum
465 2689 529 2737 ad
565 2691 930 2755 perfectionem
969 2709 1077 2739 rem
1114 2691 1401 2739 deduceret.
1473 2690 1642 2756 Ipsum
1680 2709 1779 2752 aes,
1818 2709 1917 2755 quo
1953 2691 2137 2738 libram
2174 2691 2526 2755 percutiebant
2563 2690 2720 2756 quod·

161 2794 257 2843 que
294 2778 440 2843 pretii
477 2778 590 2825 loco
629 2777 859 2839 dabatur,
899 2779 1018 2826 olim
1054 2779 1180 2827 rude
1218 2780 1311 2827 fuit
1348 2787 1397 2827 et
1431 2779 1793 2844 imperfectum,
1840 2777 1959 2825 inde
1996 2776 2355 2827 raudusculum
2396 2779 2719 2844 appellatum.

164 2864 406 2931 Legimus
442 2865 492 2912 in
528 2865 987 2929 mancipationibus
1024 2867 1173 2914 solita
1208 2867 1362 2915 fuisse
1399 2867 1575 2914 verba:
1614 2865 1947 2927 „raudusculo
1984 2866 2167 2914 libram
2203 2866 2500 2931 ferito.“¹⁷)
2570 2866 2719 2914 Haud

161 2952 313 3001 dubie
350 2952 647 3017 libripendis
685 2961 807 3014 erat,
848 2970 999 3017 quum
1038 2954 1290 3018 mancipio
1330 2954 1578 3018 accipiens
1614 2952 1771 3000 verba
1807 2953 2026 3013 fecisset,
2063 2970 2158 3000 nec
2198 2954 2354 3002 altera
2391 2971 2507 3018 pars
2539 2962 2714 3000 contra

161 3038 388 3101 dixisset,
426 3040 584 3088 verba
621 3040 746 3088 haec
784 3040 966 3104 eloqui,
1004 3040 1185 3104 quibus
1223 3040 1469 3089 indicaret
1504 3039 1764 3105 negotium
1800 3040 2084 3105 perfectum
2124 3058 2248 3089 esse.
2337 3039 2493 3102 Multi,
2532 3039 2611 3104 qui
2649 3038 2714 3087 de

161 3127 256 3178 hac
293 3146 346 3178 re
394 3129 717 3195 scripserunt,
771 3127 1224 3179 animadvertentes
1280 3137 1480 3179 veteres
1529 3145 1895 3194 saepenumero
1944 3128 2006 3178 de
2062 3130 2295 3179 sestertio
2349 3145 2552 3178 nummo
2608 3145 2710 3176 uno

163 3217 351 3266 assium
389 3226 628 3282 quattuor
663 3217 713 3266 in
750 3217 1206 3282 mancipationibus
1259 3217 1415 3282 loqui,
1469 3217 1520 3265 in
1566 3216 1856 3267 raudusculi
1903 3218 1987 3267 vel
2032 3218 2157 3267 assis
2200 3218 2365 3266 locum
2419 3217 2557 3281 (nam
2599 3233 2713 3264 aere

164 3304 362 3370 signato
419 3323 583 3354 assem
640 3305 879 3353 adhibere
934 3304 1067 3353 soliti
1121 3305 1267 3368 sunt)
1323 3304 1549 3353 arbitrati
1603 3313 1720 3354 sunt
1775 3307 2060 3356 sestertium
2113 3322 2370 3355 nummum
2418 3312 2713 3368 argenteum

164 3395 483 3445 successisse.
510 3396 592 3459 ¹⁸)
663 3394 790 3442 Eam
828 3395 1125 3443 sententiam
1164 3394 1328 3458 arguit
1362 3392 1653 3441 Huschkius
1706 3395 1759 3442 in
1815 3404 2084 3443 comment.
2139 3395 2202 3441 ad
2249 3393 2382 3440 Flav.
2432 3391 2710 3457 Syntrophi

369 3558 411 3604 ¹⁷)
438 3562 547 3596 Varro
574 3564 617 3597 de
644 3564 682 3597 L.
711 3564 751 3597 L.
779 3564 821 3596 V.
855 3561 933 3597 163.
987 3564 1112 3597 Festus
1139 3572 1166 3596 s.
1196 3572 1226 3595 v.
1254 3563 1384 3595 nodus.

369 3627 411 3673 ¹⁸)
437 3630 575 3664 Trekell
602 3633 644 3666 de
672 3634 877 3667 testamenti
904 3634 986 3667 fact.
1015 3634 1075 3666 111.
1105 3631 1121 3676 ξ
1148 3628 1206 3665 20.
1260 3631 1466 3665 Mecrmann
1494 3631 1538 3666 de
1564 3632 1671 3667 rebus
1698 3641 1813 3668 manc.
1843 3637 1877 3667 et
1905 3641 1968 3666 nee
1994 3640 2106 3665 mane.
2137 3640 2168 3672 p.
2200 3627 2281 3664 175.

2255 3701 2308 3740 4.
