<?xml version="1.0" encoding="UTF-8"?>
<!DOCTYPE html PUBLIC "-//W3C//DTD XHTML 1.0 Transitional//EN"
    "http://www.w3.org/TR/xhtml1/DTD/xhtml1-transitional.dtd">
<html xmlns="http://www.w3.org/1999/xhtml" xml:lang="en" lang="en">
 <head>
  <title>
</title>
<meta http-equiv="Content-Type" content="text/html;charset=utf-8" />
  <meta name='ocr-system' content='tesseract 3.04.00' />
  <meta name='ocr-capabilities' content='ocr_page ocr_carea ocr_par ocr_line ocrx_word'/>
</head>
<body>
  <div class='ocr_page' id='page_1' title='image "4777342_0051.png"; bbox 0 0 3461 4168; ppageno 0'>
   <div class='ocr_carea' id='block_1_1' title="bbox 1841 120 1989 188">
    <p class='ocr_par' dir='ltr' id='par_1_1' title="bbox 1841 120 1989 188">
     <span class='ocr_line' id='line_1_1' title="bbox 1841 120 1989 188; baseline 0 -19"><span class='ocrx_word' id='word_1_1' title='bbox 1841 120 1989 188; x_wconf 36' lang='lat'>,44</span> 
     </span>
    </p>
   </div>
   <div class='ocr_carea' id='block_1_2' title="bbox 672 272 3251 3665">
    <p class='ocr_par' dir='ltr' id='par_1_2' title="bbox 673 272 3251 2352">
     <span class='ocr_line' id='line_1_2' title="bbox 675 272 3247 340; baseline 0 -16"><span class='ocrx_word' id='word_1_2' title='bbox 675 282 849 324; x_wconf 91' lang='lat' dir='ltr'>utrum</span> <span class='ocrx_word' id='word_1_3' title='bbox 886 274 950 322; x_wconf 90' lang='lat' dir='ltr'>ad</span> <span class='ocrx_word' id='word_1_4' title='bbox 985 291 1178 322; x_wconf 90' lang='lat' dir='ltr'>nexum</span> <span class='ocrx_word' id='word_1_5' title='bbox 1216 273 1632 323; x_wconf 85' lang='lat' dir='ltr'>constituendum</span> <span class='ocrx_word' id='word_1_6' title='bbox 1669 289 1879 322; x_wconf 88' lang='lat' dir='ltr'>necesse</span> <span class='ocrx_word' id='word_1_7' title='bbox 1917 275 2085 333; x_wconf 87' lang='lat' dir='ltr'>fuerit,</span> <span class='ocrx_word' id='word_1_8' title='bbox 2138 281 2339 340; x_wconf 85' lang='lat' dir='ltr'>praeter</span> <span class='ocrx_word' id='word_1_9' title='bbox 2373 272 2735 322; x_wconf 87' lang='lat' dir='ltr'>raudusculum</span> <span class='ocrx_word' id='word_1_10' title='bbox 2780 274 2997 339; x_wconf 90' lang='lat' dir='ltr'>pecunia</span> <span class='ocrx_word' id='word_1_11' title='bbox 3051 274 3158 324; x_wconf 90' lang='lat' dir='ltr'>sive</span> <span class='ocrx_word' id='word_1_12' title='bbox 3194 275 3247 324; x_wconf 89' lang='lat' dir='ltr'>in</span> 
     </span>
     <span class='ocr_line' id='line_1_3' title="bbox 673 360 3247 428; baseline 0 -17"><span class='ocrx_word' id='word_1_13' title='bbox 673 360 788 428; x_wconf 89' lang='lat' dir='ltr'>ipso</span> <span class='ocrx_word' id='word_1_14' title='bbox 828 369 943 410; x_wconf 89' lang='lat' dir='ltr'>actu</span> <span class='ocrx_word' id='word_1_15' title='bbox 981 360 1088 410; x_wconf 90' lang='lat' dir='ltr'>sive</span> <span class='ocrx_word' id='word_1_16' title='bbox 1127 368 1279 411; x_wconf 88' lang='lat' dir='ltr'>antea</span> <span class='ocrx_word' id='word_1_17' title='bbox 1315 360 1689 428; x_wconf 82' lang='lat' dir='ltr'>appenderetur</span> <span class='ocrx_word' id='word_1_18' title='bbox 1741 360 1823 409; x_wconf 90' lang='lat' dir='ltr'>vel</span> <span class='ocrx_word' id='word_1_19' title='bbox 1879 360 2312 423; x_wconf 88' lang='lat' dir='ltr'>adnumeraretur,</span> <span class='ocrx_word' id='word_1_20' title='bbox 2368 378 2433 410; x_wconf 87' lang='lat' dir='ltr'>an</span> <span class='ocrx_word' id='word_1_21' title='bbox 2487 360 2613 409; x_wconf 85' lang='lat' dir='ltr'>alius</span> <span class='ocrx_word' id='word_1_22' title='bbox 2668 361 2870 427; x_wconf 88' lang='lat' dir='ltr'>generis</span> <span class='ocrx_word' id='word_1_23' title='bbox 2924 361 3096 411; x_wconf 86' lang='lat' dir='ltr'>debita</span> <span class='ocrx_word' id='word_1_24' title='bbox 3148 360 3247 411; x_wconf 91' lang='lat' dir='ltr'>hoc</span> 
     </span>
     <span class='ocr_line' id='line_1_4' title="bbox 677 448 3249 516; baseline 0.001 -19"><span class='ocrx_word' id='word_1_25' title='bbox 677 457 795 498; x_wconf 88' lang='lat' dir='ltr'>actu</span> <span class='ocrx_word' id='word_1_26' title='bbox 832 449 968 498; x_wconf 89' lang='lat' dir='ltr'>civili</span> <span class='ocrx_word' id='word_1_27' title='bbox 1004 466 1097 514; x_wconf 92' lang='lat' dir='ltr'>per</span> <span class='ocrx_word' id='word_1_28' title='bbox 1132 450 1464 499; x_wconf 84' lang='lat' dir='ltr'>novationem</span> <span class='ocrx_word' id='word_1_29' title='bbox 1500 450 1552 497; x_wconf 90' lang='lat' dir='ltr'>in</span> <span class='ocrx_word' id='word_1_30' title='bbox 1590 449 1856 514; x_wconf 90' lang='lat' dir='ltr'>pecuniam</span> <span class='ocrx_word' id='word_1_31' title='bbox 1894 450 2080 497; x_wconf 91' lang='lat' dir='ltr'>mutari</span> <span class='ocrx_word' id='word_1_32' title='bbox 2117 449 2416 514; x_wconf 85' lang='lat' dir='ltr'>potuerint?</span> <span class='ocrx_word' id='word_1_33' title='bbox 2470 448 2719 514; x_wconf 90' lang='lat' dir='ltr'>Equidem</span> <span class='ocrx_word' id='word_1_34' title='bbox 2754 466 2859 497; x_wconf 92' lang='lat' dir='ltr'>non</span> <span class='ocrx_word' id='word_1_35' title='bbox 2898 449 3091 513; x_wconf 89' lang='lat' dir='ltr'>dubito,</span> <span class='ocrx_word' id='word_1_36' title='bbox 3128 450 3249 516; x_wconf 87' lang='lat' dir='ltr'>quin</span> 
     </span>
     <span class='ocr_line' id='line_1_5' title="bbox 675 536 3247 603; baseline 0.001 -18"><span class='ocrx_word' id='word_1_37' title='bbox 675 536 776 585; x_wconf 91' lang='lat' dir='ltr'>hoc</span> <span class='ocrx_word' id='word_1_38' title='bbox 815 538 1087 597; x_wconf 90' lang='lat' dir='ltr'>suffecerit,</span> <span class='ocrx_word' id='word_1_39' title='bbox 1140 539 1343 586; x_wconf 90' lang='lat' dir='ltr'>tametsi</span> <span class='ocrx_word' id='word_1_40' title='bbox 1380 546 1580 586; x_wconf 87' lang='lat' dir='ltr'>veteres</span> <span class='ocrx_word' id='word_1_41' title='bbox 1628 537 1678 583; x_wconf 90' lang='lat' dir='ltr'>in</span> <span class='ocrx_word' id='word_1_42' title='bbox 1723 536 1821 584; x_wconf 90' lang='lat' dir='ltr'>illis</span> <span class='ocrx_word' id='word_1_43' title='bbox 1858 544 2123 584; x_wconf 89' lang='lat' dir='ltr'>versantes</span> <span class='ocrx_word' id='word_1_44' title='bbox 2160 538 2490 603; x_wconf 84' lang='lat' dir='ltr'>temporibus,</span> <span class='ocrx_word' id='word_1_45' title='bbox 2546 536 2728 601; x_wconf 91' lang='lat' dir='ltr'>quibus</span> <span class='ocrx_word' id='word_1_46' title='bbox 2781 553 2972 584; x_wconf 89' lang='lat' dir='ltr'>nexum</span> <span class='ocrx_word' id='word_1_47' title='bbox 3027 538 3247 603; x_wconf 88' lang='lat' dir='ltr'>vigebat,</span> 
     </span>
     <span class='ocr_line' id='line_1_6' title="bbox 678 622 3247 690; baseline 0.002 -19"><span class='ocrx_word' id='word_1_48' title='bbox 678 624 882 689; x_wconf 90' lang='lat' dir='ltr'>saepius</span> <span class='ocrx_word' id='word_1_49' title='bbox 930 623 992 673; x_wconf 89' lang='lat' dir='ltr'>de</span> <span class='ocrx_word' id='word_1_50' title='bbox 1030 625 1247 690; x_wconf 90' lang='lat' dir='ltr'>pecunia</span> <span class='ocrx_word' id='word_1_51' title='bbox 1292 624 1483 672; x_wconf 90' lang='lat' dir='ltr'>credita</span> <span class='ocrx_word' id='word_1_52' title='bbox 1528 624 1814 687; x_wconf 83' lang='lat' dir='ltr'>loquantur.</span> <span class='ocrx_word' id='word_1_53' title='bbox 1903 622 1996 669; x_wconf 86' lang='lat' dir='ltr'>Illa</span> <span class='ocrx_word' id='word_1_54' title='bbox 2051 623 2185 670; x_wconf 92' lang='lat' dir='ltr'>enim</span> <span class='ocrx_word' id='word_1_55' title='bbox 2240 641 2394 673; x_wconf 90' lang='lat' dir='ltr'>causa</span> <span class='ocrx_word' id='word_1_56' title='bbox 2444 625 2594 689; x_wconf 89' lang='lat' dir='ltr'>longe</span> <span class='ocrx_word' id='word_1_57' title='bbox 2649 623 2951 689; x_wconf 86' lang='lat' dir='ltr'>gravissima</span> <span class='ocrx_word' id='word_1_58' title='bbox 3004 635 3113 673; x_wconf 90' lang='lat' dir='ltr'>erat</span> <span class='ocrx_word' id='word_1_59' title='bbox 3165 642 3247 675; x_wconf 92' lang='lat' dir='ltr'>res</span> 
     </span>
     <span class='ocr_line' id='line_1_7' title="bbox 678 709 3247 775; baseline 0.001 -18"><span class='ocrx_word' id='word_1_60' title='bbox 678 719 851 775; x_wconf 88' lang='lat' dir='ltr'>gestas</span> <span class='ocrx_word' id='word_1_61' title='bbox 890 712 1242 771; x_wconf 85' lang='lat' dir='ltr'>scribentibus,</span> <span class='ocrx_word' id='word_1_62' title='bbox 1281 711 1364 774; x_wconf 92' lang='lat' dir='ltr'>qui</span> <span class='ocrx_word' id='word_1_63' title='bbox 1400 718 1681 770; x_wconf 81' lang='lat' dir='ltr'>narrarent,</span> <span class='ocrx_word' id='word_1_64' title='bbox 1737 709 2166 773; x_wconf 87' lang='lat' dir='ltr'>quemadmodum</span> <span class='ocrx_word' id='word_1_65' title='bbox 2203 711 2350 774; x_wconf 85' lang='lat' dir='ltr'>plebs</span> <span class='ocrx_word' id='word_1_66' title='bbox 2388 729 2504 760; x_wconf 90' lang='lat' dir='ltr'>aere</span> <span class='ocrx_word' id='word_1_67' title='bbox 2541 711 2706 758; x_wconf 89' lang='lat' dir='ltr'>alieno</span> <span class='ocrx_word' id='word_1_68' title='bbox 2745 728 2989 775; x_wconf 89' lang='lat' dir='ltr'>oppressa</span> <span class='ocrx_word' id='word_1_69' title='bbox 3025 728 3055 758; x_wconf 89' lang='lat' dir='ltr'>a</span> <span class='ocrx_word' id='word_1_70' title='bbox 3090 713 3247 760; x_wconf 91' lang='lat' dir='ltr'>credi-</span> 
     </span>
     <span class='ocr_line' id='line_1_8' title="bbox 678 795 3248 864; baseline 0.001 -18"><span class='ocrx_word' id='word_1_71' title='bbox 678 799 878 847; x_wconf 87' lang='lat' dir='ltr'>toribus</span> <span class='ocrx_word' id='word_1_72' title='bbox 915 799 1137 864; x_wconf 89' lang='lat' dir='ltr'>patriciis</span> <span class='ocrx_word' id='word_1_73' title='bbox 1174 807 1461 846; x_wconf 84' lang='lat' dir='ltr'>vexaretur.</span> <span class='ocrx_word' id='word_1_74' title='bbox 1531 795 1721 845; x_wconf 89' lang='lat' dir='ltr'>Multae</span> <span class='ocrx_word' id='word_1_75' title='bbox 1762 804 1880 845; x_wconf 90' lang='lat' dir='ltr'>sunt</span> <span class='ocrx_word' id='word_1_76' title='bbox 1919 813 2115 857; x_wconf 90' lang='lat' dir='ltr'>causae,</span> <span class='ocrx_word' id='word_1_77' title='bbox 2166 812 2231 844; x_wconf 90' lang='lat' dir='ltr'>ex</span> <span class='ocrx_word' id='word_1_78' title='bbox 2268 798 2451 861; x_wconf 91' lang='lat' dir='ltr'>quibus</span> <span class='ocrx_word' id='word_1_79' title='bbox 2489 798 2703 864; x_wconf 86' lang='lat' dir='ltr'>pecunia</span> <span class='ocrx_word' id='word_1_80' title='bbox 2738 797 2967 859; x_wconf 87' lang='lat' dir='ltr'>debetur,</span> <span class='ocrx_word' id='word_1_81' title='bbox 3023 798 3114 847; x_wconf 87' lang='lat' dir='ltr'>sed</span> <span class='ocrx_word' id='word_1_82' title='bbox 3161 816 3248 848; x_wconf 88' lang='lat' dir='ltr'>aes</span> 
     </span>
     <span class='ocr_line' id='line_1_9' title="bbox 682 884 3247 952; baseline -0 -16"><span class='ocrx_word' id='word_1_83' title='bbox 682 887 904 936; x_wconf 91' lang='lat' dir='ltr'>alienum</span> <span class='ocrx_word' id='word_1_84' title='bbox 952 886 1184 935; x_wconf 89' lang='lat' dir='ltr'>homines</span> <span class='ocrx_word' id='word_1_85' title='bbox 1233 885 1562 950; x_wconf 88' lang='lat' dir='ltr'>pauperiores</span> <span class='ocrx_word' id='word_1_86' title='bbox 1616 885 1837 933; x_wconf 82' lang='lat' dir='ltr'>maxime</span> <span class='ocrx_word' id='word_1_87' title='bbox 1892 884 2108 949; x_wconf 89' lang='lat' dir='ltr'>pecunia</span> <span class='ocrx_word' id='word_1_88' title='bbox 2160 892 2337 933; x_wconf 90' lang='lat' dir='ltr'>mutua</span> <span class='ocrx_word' id='word_1_89' title='bbox 2390 884 2683 952; x_wconf 88' lang='lat' dir='ltr'>accipienda</span> <span class='ocrx_word' id='word_1_90' title='bbox 2737 886 3056 935; x_wconf 92' lang='lat' dir='ltr'>contrahunt.</span> <span class='ocrx_word' id='word_1_91' title='bbox 3142 884 3247 936; x_wconf 89' lang='lat' dir='ltr'>Nec</span> 
     </span>
     <span class='ocr_line' id='line_1_10' title="bbox 682 973 3249 1040; baseline 0 -17"><span class='ocrx_word' id='word_1_92' title='bbox 682 974 902 1023; x_wconf 88' lang='lat' dir='ltr'>dubitari</span> <span class='ocrx_word' id='word_1_93' title='bbox 937 982 1122 1038; x_wconf 90' lang='lat' dir='ltr'>potest,</span> <span class='ocrx_word' id='word_1_94' title='bbox 1160 974 1281 1037; x_wconf 91' lang='lat' dir='ltr'>quin</span> <span class='ocrx_word' id='word_1_95' title='bbox 1320 973 1567 1038; x_wconf 85' lang='lat' dir='ltr'>originem</span> <span class='ocrx_word' id='word_1_96' title='bbox 1605 991 1796 1021; x_wconf 87' lang='lat' dir='ltr'>nexum</span> <span class='ocrx_word' id='word_1_97' title='bbox 1833 973 2046 1020; x_wconf 82' lang='lat' dir='ltr'>traxerit</span> <span class='ocrx_word' id='word_1_98' title='bbox 2084 990 2147 1020; x_wconf 88' lang='lat' dir='ltr'>ex</span> <span class='ocrx_word' id='word_1_99' title='bbox 2187 990 2264 1033; x_wconf 88' lang='lat' dir='ltr'>eo,</span> <span class='ocrx_word' id='word_1_100' title='bbox 2313 974 2450 1037; x_wconf 92' lang='lat' dir='ltr'>quod</span> <span class='ocrx_word' id='word_1_101' title='bbox 2486 975 2701 1040; x_wconf 88' lang='lat' dir='ltr'>pecunia</span> <span class='ocrx_word' id='word_1_102' title='bbox 2738 974 3041 1023; x_wconf 84' lang='lat' dir='ltr'>crederetur.</span> <span class='ocrx_word' id='word_1_103' title='bbox 3129 974 3249 1023; x_wconf 75' lang='lat' dir='ltr'>‹Jam</span> 
     </span>
     <span class='ocr_line' id='line_1_11' title="bbox 680 1059 3250 1128; baseline 0 -18"><span class='ocrx_word' id='word_1_104' title='bbox 680 1080 804 1110; x_wconf 89' lang='lat' dir='ltr'>vero</span> <span class='ocrx_word' id='word_1_105' title='bbox 843 1061 1076 1126; x_wconf 88' lang='lat' dir='ltr'>quotiens</span> <span class='ocrx_word' id='word_1_106' title='bbox 1123 1060 1299 1125; x_wconf 89' lang='lat' dir='ltr'>primis</span> <span class='ocrx_word' id='word_1_107' title='bbox 1344 1060 1661 1125; x_wconf 90' lang='lat' dir='ltr'>temporibus</span> <span class='ocrx_word' id='word_1_108' title='bbox 1716 1060 1930 1126; x_wconf 89' lang='lat' dir='ltr'>pecunia</span> <span class='ocrx_word' id='word_1_109' title='bbox 1985 1059 2300 1121; x_wconf 87' lang='lat' dir='ltr'>credebatur,</span> <span class='ocrx_word' id='word_1_110' title='bbox 2355 1060 2486 1110; x_wconf 88' lang='lat' dir='ltr'>libra</span> <span class='ocrx_word' id='word_1_111' title='bbox 2538 1061 2907 1128; x_wconf 89' lang='lat' dir='ltr'>propemodum</span> <span class='ocrx_word' id='word_1_112' title='bbox 2960 1062 3250 1112; x_wconf 88' lang='lat' dir='ltr'>necessaria</span> 
     </span>
     <span class='ocr_line' id='line_1_12' title="bbox 680 1147 3248 1213; baseline 0.001 -17"><span class='ocrx_word' id='word_1_113' title='bbox 680 1157 802 1210; x_wconf 89' lang='lat' dir='ltr'>erat,</span> <span class='ocrx_word' id='word_1_114' title='bbox 854 1165 952 1212; x_wconf 92' lang='lat' dir='ltr'>qua</span> <span class='ocrx_word' id='word_1_115' title='bbox 999 1156 1188 1213; x_wconf 89' lang='lat' dir='ltr'>quanta</span> <span class='ocrx_word' id='word_1_116' title='bbox 1225 1156 1359 1196; x_wconf 88' lang='lat' dir='ltr'>esset</span> <span class='ocrx_word' id='word_1_117' title='bbox 1397 1156 1590 1195; x_wconf 90' lang='lat' dir='ltr'>certum</span> <span class='ocrx_word' id='word_1_118' title='bbox 1627 1147 1803 1206; x_wconf 81' lang='lat' dir='ltr'>fieret3</span> <span class='ocrx_word' id='word_1_119' title='bbox 1859 1155 1909 1195; x_wconf 90' lang='lat' dir='ltr'>et</span> <span class='ocrx_word' id='word_1_120' title='bbox 1955 1148 1997 1197; x_wconf 91' lang='lat' dir='ltr'>si</span> <span class='ocrx_word' id='word_1_121' title='bbox 2041 1165 2122 1196; x_wconf 92' lang='lat' dir='ltr'>res</span> <span class='ocrx_word' id='word_1_122' title='bbox 2170 1148 2376 1212; x_wconf 88' lang='lat' dir='ltr'>majoris</span> <span class='ocrx_word' id='word_1_123' title='bbox 2427 1158 2562 1198; x_wconf 90' lang='lat' dir='ltr'>esset</span> <span class='ocrx_word' id='word_1_124' title='bbox 2609 1150 2869 1211; x_wconf 88' lang='lat' dir='ltr'>momenti,</span> <span class='ocrx_word' id='word_1_125' title='bbox 2921 1167 3025 1198; x_wconf 92' lang='lat' dir='ltr'>non</span> <span class='ocrx_word' id='word_1_126' title='bbox 3082 1150 3248 1198; x_wconf 91' lang='lat' dir='ltr'>solum</span> 
     </span>
     <span class='ocr_line' id='line_1_13' title="bbox 675 1234 3250 1305; baseline 0 -21"><span class='ocrx_word' id='word_1_127' title='bbox 675 1235 1030 1301; x_wconf 89' lang='lat' dir='ltr'>libripendem,</span> <span class='ocrx_word' id='word_1_128' title='bbox 1087 1234 1172 1299; x_wconf 90' lang='lat' dir='ltr'>qui</span> <span class='ocrx_word' id='word_1_129' title='bbox 1225 1234 1332 1282; x_wconf 87' lang='lat' dir='ltr'>sine</span> <span class='ocrx_word' id='word_1_130' title='bbox 1371 1234 1538 1283; x_wconf 88' lang='lat' dir='ltr'>studio</span> <span class='ocrx_word' id='word_1_131' title='bbox 1577 1234 1783 1283; x_wconf 88' lang='lat' dir='ltr'>alterius</span> <span class='ocrx_word' id='word_1_132' title='bbox 1835 1236 1993 1305; x_wconf 74' lang='lat' dir='ltr'>partis</span> <span class='ocrx_word' id='word_1_133' title='bbox 2048 1253 2133 1284; x_wconf 90' lang='lat' dir='ltr'>aes</span> <span class='ocrx_word' id='word_1_134' title='bbox 2189 1235 2516 1301; x_wconf 86' lang='lat' dir='ltr'>appenderet,</span> <span class='ocrx_word' id='word_1_135' title='bbox 2572 1237 2898 1297; x_wconf 87' lang='lat' dir='ltr'>adhibebant,</span> <span class='ocrx_word' id='word_1_136' title='bbox 2954 1237 3043 1285; x_wconf 91' lang='lat' dir='ltr'>sed</span> <span class='ocrx_word' id='word_1_137' title='bbox 3098 1238 3250 1285; x_wconf 88' lang='lat' dir='ltr'>etiam</span> 
     </span>
     <span class='ocr_line' id='line_1_14' title="bbox 679 1321 3251 1390; baseline 0 -18"><span class='ocrx_word' id='word_1_138' title='bbox 679 1341 851 1372; x_wconf 91' lang='lat' dir='ltr'>coram</span> <span class='ocrx_word' id='word_1_139' title='bbox 888 1323 1105 1371; x_wconf 91' lang='lat' dir='ltr'>testibus</span> <span class='ocrx_word' id='word_1_140' title='bbox 1143 1322 1410 1387; x_wconf 91' lang='lat' dir='ltr'>pecuniam</span> <span class='ocrx_word' id='word_1_141' title='bbox 1449 1321 1668 1386; x_wconf 88' lang='lat' dir='ltr'>appendi</span> <span class='ocrx_word' id='word_1_142' title='bbox 1706 1322 1967 1387; x_wconf 82' lang='lat' dir='ltr'>volebant,</span> <span class='ocrx_word' id='word_1_143' title='bbox 2002 1340 2216 1388; x_wconf 90' lang='lat' dir='ltr'>quorum</span> <span class='ocrx_word' id='word_1_144' title='bbox 2255 1330 2305 1372; x_wconf 88' lang='lat' dir='ltr'>et</span> <span class='ocrx_word' id='word_1_145' title='bbox 2330 1324 2606 1372; x_wconf 89' lang='lat' dir='ltr'>memoriae</span> <span class='ocrx_word' id='word_1_146' title='bbox 2634 1324 2961 1373; x_wconf 90' lang='lat' dir='ltr'>mandaretur</span> <span class='ocrx_word' id='word_1_147' title='bbox 2990 1324 3251 1390; x_wconf 87' lang='lat' dir='ltr'>negotium</span> 
     </span>
     <span class='ocr_line' id='line_1_15' title="bbox 680 1409 3250 1462; baseline 0 -3"><span class='ocrx_word' id='word_1_148' title='bbox 680 1419 731 1459; x_wconf 94' lang='lat' dir='ltr'>et</span> <span class='ocrx_word' id='word_1_149' title='bbox 769 1410 1070 1459; x_wconf 88' lang='lat' dir='ltr'>auctoritate</span> <span class='ocrx_word' id='word_1_150' title='bbox 1109 1409 1509 1458; x_wconf 88' lang='lat' dir='ltr'>confirmaretur.</span> <span class='ocrx_word' id='word_1_151' title='bbox 1580 1409 1823 1457; x_wconf 89' lang='lat' dir='ltr'>Attamen</span> <span class='ocrx_word' id='word_1_152' title='bbox 1860 1426 2070 1459; x_wconf 91' lang='lat' dir='ltr'>necesse</span> <span class='ocrx_word' id='word_1_153' title='bbox 2108 1427 2211 1458; x_wconf 90' lang='lat' dir='ltr'>non</span> <span class='ocrx_word' id='word_1_154' title='bbox 2249 1417 2358 1458; x_wconf 87' lang='lat' dir='ltr'>erat</span> <span class='ocrx_word' id='word_1_155' title='bbox 2391 1418 2550 1459; x_wconf 90' lang='lat' dir='ltr'>testes</span> <span class='ocrx_word' id='word_1_156' title='bbox 2588 1410 2829 1462; x_wconf 78' lang='lat' dir='ltr'>adhibene</span> <span class='ocrx_word' id='word_1_157' title='bbox 2866 1412 2916 1459; x_wconf 91' lang='lat' dir='ltr'>in</span> <span class='ocrx_word' id='word_1_158' title='bbox 2954 1412 3131 1460; x_wconf 88' lang='lat' dir='ltr'>ultima</span> <span class='ocrx_word' id='word_1_159' title='bbox 3167 1428 3250 1459; x_wconf 90' lang='lat' dir='ltr'>an-</span> 
     </span>
     <span class='ocr_line' id='line_1_16' title="bbox 675 1496 3250 1564; baseline 0 -18"><span class='ocrx_word' id='word_1_160' title='bbox 675 1498 926 1562; x_wconf 90' lang='lat' dir='ltr'>tiquitate,</span> <span class='ocrx_word' id='word_1_161' title='bbox 966 1497 1057 1546; x_wconf 91' lang='lat' dir='ltr'>sed</span> <span class='ocrx_word' id='word_1_162' title='bbox 1092 1514 1186 1545; x_wconf 91' lang='lat' dir='ltr'>nec</span> <span class='ocrx_word' id='word_1_163' title='bbox 1223 1505 1418 1561; x_wconf 85' lang='lat' dir='ltr'>postea,</span> <span class='ocrx_word' id='word_1_164' title='bbox 1469 1512 1623 1560; x_wconf 89' lang='lat' dir='ltr'>quum</span> <span class='ocrx_word' id='word_1_165' title='bbox 1662 1496 1878 1545; x_wconf 78' lang='lat' dir='ltr'>civitatis</span> <span class='ocrx_word' id='word_1_166' title='bbox 1916 1506 2143 1562; x_wconf 90' lang='lat' dir='ltr'>potestas</span> <span class='ocrx_word' id='word_1_167' title='bbox 2184 1506 2232 1546; x_wconf 90' lang='lat' dir='ltr'>et</span> <span class='ocrx_word' id='word_1_168' title='bbox 2269 1497 2489 1562; x_wconf 79' lang='lat' dir='ltr'>dignitas</span> <span class='ocrx_word' id='word_1_169' title='bbox 2527 1506 2673 1546; x_wconf 91' lang='lat' dir='ltr'>aucta</span> <span class='ocrx_word' id='word_1_170' title='bbox 2711 1506 2859 1558; x_wconf 90' lang='lat' dir='ltr'>esset,</span> <span class='ocrx_word' id='word_1_171' title='bbox 2916 1507 2970 1547; x_wconf 91' lang='lat' dir='ltr'>ut</span> <span class='ocrx_word' id='word_1_172' title='bbox 3008 1499 3250 1564; x_wconf 84' lang='lat' dir='ltr'>obligatio</span> 
     </span>
     <span class='ocr_line' id='line_1_17' title="bbox 678 1582 3250 1650; baseline -0.001 -16"><span class='ocrx_word' id='word_1_173' title='bbox 678 1585 1077 1634; x_wconf 85' lang='lat' dir='ltr'>constitueretur</span> <span class='ocrx_word' id='word_1_174' title='bbox 1112 1583 1326 1649; x_wconf 91' lang='lat' dir='ltr'>pecunia</span> <span class='ocrx_word' id='word_1_175' title='bbox 1364 1582 1546 1643; x_wconf 88' lang='lat' dir='ltr'>danda,</span> <span class='ocrx_word' id='word_1_176' title='bbox 1604 1600 1731 1648; x_wconf 93' lang='lat' dir='ltr'>opus</span> <span class='ocrx_word' id='word_1_177' title='bbox 1781 1591 1888 1632; x_wconf 89' lang='lat' dir='ltr'>erat</span> <span class='ocrx_word' id='word_1_178' title='bbox 1932 1584 2098 1633; x_wconf 89' lang='lat' dir='ltr'>forma</span> <span class='ocrx_word' id='word_1_179' title='bbox 2143 1585 2338 1633; x_wconf 91' lang='lat' dir='ltr'>solenni</span> <span class='ocrx_word' id='word_1_180' title='bbox 2386 1587 2476 1649; x_wconf 84' lang='lat' dir='ltr'>per</span> <span class='ocrx_word' id='word_1_181' title='bbox 2522 1602 2608 1632; x_wconf 91' lang='lat' dir='ltr'>aes</span> <span class='ocrx_word' id='word_1_182' title='bbox 2659 1592 2709 1633; x_wconf 92' lang='lat' dir='ltr'>et</span> <span class='ocrx_word' id='word_1_183' title='bbox 2754 1584 2937 1633; x_wconf 89' lang='lat' dir='ltr'>libram</span> <span class='ocrx_word' id='word_1_184' title='bbox 2974 1593 3250 1650; x_wconf 89' lang='lat' dir='ltr'>gestorum,</span> 
     </span>
     <span class='ocr_line' id='line_1_18' title="bbox 678 1671 3250 1738; baseline 0 -17"><span class='ocrx_word' id='word_1_185' title='bbox 678 1671 1113 1738; x_wconf 87' lang='lat' dir='ltr'>quemadmodum</span> <span class='ocrx_word' id='word_1_186' title='bbox 1150 1672 1200 1720; x_wconf 92' lang='lat' dir='ltr'>in</span> <span class='ocrx_word' id='word_1_187' title='bbox 1238 1672 1389 1720; x_wconf 91' lang='lat' dir='ltr'>rebus</span> <span class='ocrx_word' id='word_1_188' title='bbox 1426 1671 1647 1736; x_wconf 90' lang='lat' dir='ltr'>mancipi</span> <span class='ocrx_word' id='word_1_189' title='bbox 1685 1672 2053 1721; x_wconf 86' lang='lat' dir='ltr'>transferendis</span> <span class='ocrx_word' id='word_1_190' title='bbox 2090 1672 2394 1737; x_wconf 89' lang='lat' dir='ltr'>mancipatio</span> <span class='ocrx_word' id='word_1_191' title='bbox 2434 1673 2550 1737; x_wconf 91' lang='lat' dir='ltr'>(aut</span> <span class='ocrx_word' id='word_1_192' title='bbox 2586 1672 2638 1720; x_wconf 90' lang='lat' dir='ltr'>in</span> <span class='ocrx_word' id='word_1_193' title='bbox 2669 1673 2782 1737; x_wconf 88' lang='lat' dir='ltr'>jure</span> <span class='ocrx_word' id='word_1_194' title='bbox 2821 1673 3021 1736; x_wconf 93' lang='lat' dir='ltr'>cessio).</span> <span class='ocrx_word' id='word_1_195' title='bbox 3110 1672 3250 1721; x_wconf 89' lang='lat' dir='ltr'>Haec</span> 
     </span>
     <span class='ocr_line' id='line_1_19' title="bbox 674 1760 3248 1827; baseline -0.001 -17"><span class='ocrx_word' id='word_1_196' title='bbox 674 1778 801 1810; x_wconf 83' lang='lat' dir='ltr'>vero</span> <span class='ocrx_word' id='word_1_197' title='bbox 842 1760 1102 1826; x_wconf 81' lang='lat' dir='ltr'>obligatio,</span> <span class='ocrx_word' id='word_1_198' title='bbox 1141 1777 1266 1825; x_wconf 91' lang='lat' dir='ltr'>quae</span> <span class='ocrx_word' id='word_1_199' title='bbox 1306 1761 1539 1825; x_wconf 88' lang='lat' dir='ltr'>quotiens</span> <span class='ocrx_word' id='word_1_200' title='bbox 1578 1761 1845 1827; x_wconf 88' lang='lat' dir='ltr'>pecuniam</span> <span class='ocrx_word' id='word_1_201' title='bbox 1886 1760 2130 1810; x_wconf 87' lang='lat' dir='ltr'>creditam</span> <span class='ocrx_word' id='word_1_202' title='bbox 2167 1778 2270 1810; x_wconf 90' lang='lat' dir='ltr'>non</span> <span class='ocrx_word' id='word_1_203' title='bbox 2306 1778 2397 1827; x_wconf 91' lang='lat' dir='ltr'>per</span> <span class='ocrx_word' id='word_1_204' title='bbox 2434 1778 2520 1810; x_wconf 90' lang='lat' dir='ltr'>aes</span> <span class='ocrx_word' id='word_1_205' title='bbox 2558 1769 2608 1810; x_wconf 90' lang='lat' dir='ltr'>et</span> <span class='ocrx_word' id='word_1_206' title='bbox 2643 1760 2825 1809; x_wconf 90' lang='lat' dir='ltr'>libram</span> <span class='ocrx_word' id='word_1_207' title='bbox 2861 1760 3077 1809; x_wconf 87' lang='lat' dir='ltr'>testibus</span> <span class='ocrx_word' id='word_1_208' title='bbox 3106 1777 3248 1826; x_wconf 89' lang='lat' dir='ltr'>prae·</span> 
     </span>
     <span class='ocr_line' id='line_1_20' title="bbox 678 1847 3250 1914; baseline -0 -18"><span class='ocrx_word' id='word_1_209' title='bbox 678 1849 910 1897; x_wconf 85' lang='lat' dir='ltr'>sentibus</span> <span class='ocrx_word' id='word_1_210' title='bbox 949 1848 1155 1908; x_wconf 88' lang='lat' dir='ltr'>dabant,</span> <span class='ocrx_word' id='word_1_211' title='bbox 1211 1848 1529 1909; x_wconf 89' lang='lat' dir='ltr'>nascebatur,</span> <span class='ocrx_word' id='word_1_212' title='bbox 1584 1866 1748 1914; x_wconf 92' lang='lat' dir='ltr'>neque</span> <span class='ocrx_word' id='word_1_213' title='bbox 1788 1856 1896 1897; x_wconf 91' lang='lat' dir='ltr'>erat</span> <span class='ocrx_word' id='word_1_214' title='bbox 1932 1849 2068 1909; x_wconf 85' lang='lat' dir='ltr'>nexi,</span> <span class='ocrx_word' id='word_1_215' title='bbox 2124 1848 2212 1897; x_wconf 90' lang='lat' dir='ltr'>sed</span> <span class='ocrx_word' id='word_1_216' title='bbox 2257 1850 2417 1897; x_wconf 89' lang='lat' dir='ltr'>mutui</span> <span class='ocrx_word' id='word_1_217' title='bbox 2464 1849 2722 1914; x_wconf 87' lang='lat' dir='ltr'>obligatio.</span> <span class='ocrx_word' id='word_1_218' title='bbox 2827 1847 3060 1897; x_wconf 92' lang='lat' dir='ltr'>Mutuum</span> <span class='ocrx_word' id='word_1_219' title='bbox 3116 1849 3250 1896; x_wconf 91' lang='lat' dir='ltr'>enim</span> 
     </span>
     <span class='ocr_line' id='line_1_21' title="bbox 680 1935 3251 2002; baseline -0 -18"><span class='ocrx_word' id='word_1_220' title='bbox 680 1935 860 1984; x_wconf 89' lang='lat' dir='ltr'>eadem</span> <span class='ocrx_word' id='word_1_221' title='bbox 898 1953 968 1996; x_wconf 90' lang='lat' dir='ltr'>re,</span> <span class='ocrx_word' id='word_1_222' title='bbox 1017 1953 1116 2000; x_wconf 89' lang='lat' dir='ltr'>qua</span> <span class='ocrx_word' id='word_1_223' title='bbox 1151 1935 1355 1984; x_wconf 90' lang='lat' dir='ltr'>traditio</span> <span class='ocrx_word' id='word_1_224' title='bbox 1395 1953 1423 1983; x_wconf 88' lang='lat' dir='ltr'>a</span> <span class='ocrx_word' id='word_1_225' title='bbox 1458 1937 1848 2002; x_wconf 90' lang='lat' dir='ltr'>mancipatione,</span> <span class='ocrx_word' id='word_1_226' title='bbox 1896 1953 1995 2001; x_wconf 90' lang='lat' dir='ltr'>qua</span> <span class='ocrx_word' id='word_1_227' title='bbox 2030 1936 2212 2002; x_wconf 85' lang='lat' dir='ltr'>pignus</span> <span class='ocrx_word' id='word_1_228' title='bbox 2250 1954 2278 1984; x_wconf 88' lang='lat' dir='ltr'>a</span> <span class='ocrx_word' id='word_1_229' title='bbox 2312 1936 2513 1998; x_wconf 89' lang='lat' dir='ltr'>fiducia,</span> <span class='ocrx_word' id='word_1_230' title='bbox 2560 1954 2590 1985; x_wconf 93' lang='lat' dir='ltr'>a</span> <span class='ocrx_word' id='word_1_231' title='bbox 2624 1953 2760 1985; x_wconf 90' lang='lat' dir='ltr'>nexo</span> <span class='ocrx_word' id='word_1_232' title='bbox 2799 1953 2915 1984; x_wconf 91' lang='lat' dir='ltr'>aere</span> <span class='ocrx_word' id='word_1_233' title='bbox 2953 1935 3251 1984; x_wconf 88' lang='lat' dir='ltr'>differebat:</span> 
     </span>
     <span class='ocr_line' id='line_1_22' title="bbox 676 2020 3249 2089; baseline -0.001 -17"><span class='ocrx_word' id='word_1_234' title='bbox 676 2031 735 2072; x_wconf 90' lang='lat' dir='ltr'>ut</span> <span class='ocrx_word' id='word_1_235' title='bbox 769 2031 1003 2072; x_wconf 90' lang='lat' dir='ltr'>mutuum</span> <span class='ocrx_word' id='word_1_236' title='bbox 1047 2023 1176 2088; x_wconf 87' lang='lat' dir='ltr'>juris</span> <span class='ocrx_word' id='word_1_237' title='bbox 1215 2022 1456 2088; x_wconf 89' lang='lat' dir='ltr'>gentium,</span> <span class='ocrx_word' id='word_1_238' title='bbox 1513 2023 1583 2072; x_wconf 88' lang='lat' dir='ltr'>ita</span> <span class='ocrx_word' id='word_1_239' title='bbox 1626 2040 1816 2072; x_wconf 91' lang='lat' dir='ltr'>nexum</span> <span class='ocrx_word' id='word_1_240' title='bbox 1865 2023 1948 2073; x_wconf 87' lang='lat' dir='ltr'>vel</span> <span class='ocrx_word' id='word_1_241' title='bbox 1985 2023 2205 2072; x_wconf 81' lang='lat' dir='ltr'>maxime</span> <span class='ocrx_word' id='word_1_242' title='bbox 2244 2032 2351 2073; x_wconf 91' lang='lat' dir='ltr'>erat</span> <span class='ocrx_word' id='word_1_243' title='bbox 2389 2024 2517 2089; x_wconf 86' lang='lat' dir='ltr'>juris</span> <span class='ocrx_word' id='word_1_244' title='bbox 2572 2023 2745 2072; x_wconf 89' lang='lat' dir='ltr'>civilis.</span> <span class='ocrx_word' id='word_1_245' title='bbox 2837 2020 3003 2081; x_wconf 83' lang='lat' dir='ltr'>Quare</span> <span class='ocrx_word' id='word_1_246' title='bbox 3060 2039 3249 2071; x_wconf 88' lang='lat' dir='ltr'>nexum</span> 
     </span>
     <span class='ocr_line' id='line_1_23' title="bbox 679 2107 3248 2176; baseline -0 -18"><span class='ocrx_word' id='word_1_247' title='bbox 679 2109 780 2159; x_wconf 92' lang='lat' dir='ltr'>hoc</span> <span class='ocrx_word' id='word_1_248' title='bbox 830 2128 924 2159; x_wconf 91' lang='lat' dir='ltr'>nec</span> <span class='ocrx_word' id='word_1_249' title='bbox 981 2111 1202 2176; x_wconf 89' lang='lat' dir='ltr'>speciem</span> <span class='ocrx_word' id='word_1_250' title='bbox 1257 2111 1418 2159; x_wconf 90' lang='lat' dir='ltr'>mutui</span> <span class='ocrx_word' id='word_1_251' title='bbox 1455 2110 1621 2159; x_wconf 86' lang='lat' dir='ltr'>dicere</span> <span class='ocrx_word' id='word_1_252' title='bbox 1658 2111 1790 2171; x_wconf 89' lang='lat' dir='ltr'>licet,</span> <span class='ocrx_word' id='word_1_253' title='bbox 1845 2128 1941 2159; x_wconf 91' lang='lat' dir='ltr'>nec</span> <span class='ocrx_word' id='word_1_254' title='bbox 1993 2128 2022 2158; x_wconf 87' lang='lat' dir='ltr'>a</span> <span class='ocrx_word' id='word_1_255' title='bbox 2068 2110 2211 2159; x_wconf 88' lang='lat' dir='ltr'>Livio</span> <span class='ocrx_word' id='word_1_256' title='bbox 2256 2129 2477 2176; x_wconf 92' lang='lat' dir='ltr'>unquam</span> <span class='ocrx_word' id='word_1_257' title='bbox 2514 2111 2585 2159; x_wconf 90' lang='lat' dir='ltr'>ita</span> <span class='ocrx_word' id='word_1_258' title='bbox 2621 2110 2916 2176; x_wconf 86' lang='lat' dir='ltr'>appellatur.</span> <span class='ocrx_word' id='word_1_259' title='bbox 3006 2107 3248 2158; x_wconf 90' lang='lat' dir='ltr'>Nonnun-</span> 
     </span>
     <span class='ocr_line' id='line_1_24' title="bbox 679 2198 3249 2266; baseline -0.001 -19"><span class='ocrx_word' id='word_1_260' title='bbox 679 2217 831 2264; x_wconf 85' lang='lat' dir='ltr'>quam</span> <span class='ocrx_word' id='word_1_261' title='bbox 869 2217 961 2264; x_wconf 93' lang='lat' dir='ltr'>pro</span> <span class='ocrx_word' id='word_1_262' title='bbox 1000 2216 1137 2247; x_wconf 90' lang='lat' dir='ltr'>nexo</span> <span class='ocrx_word' id='word_1_263' title='bbox 1179 2216 1265 2247; x_wconf 90' lang='lat' dir='ltr'>aes</span> <span class='ocrx_word' id='word_1_264' title='bbox 1303 2199 1522 2247; x_wconf 91' lang='lat' dir='ltr'>alienum</span> <span class='ocrx_word' id='word_1_265' title='bbox 1559 2200 1641 2247; x_wconf 89' lang='lat' dir='ltr'>vel</span> <span class='ocrx_word' id='word_1_266' title='bbox 1677 2200 1858 2248; x_wconf 89' lang='lat' dir='ltr'>foenus</span> <span class='ocrx_word' id='word_1_267' title='bbox 1915 2199 2061 2260; x_wconf 88' lang='lat' dir='ltr'>dicit,</span> <span class='ocrx_word' id='word_1_268' title='bbox 2117 2207 2167 2247; x_wconf 91' lang='lat' dir='ltr'>et</span> <span class='ocrx_word' id='word_1_269' title='bbox 2201 2198 2476 2266; x_wconf 83' lang='lat' dir='ltr'>Dionysius</span> <span class='ocrx_word' id='word_1_270' title='bbox 2528 2199 2733 2265; x_wconf 87' lang='lat' dir='ltr'>proprie</span> <span class='ocrx_word' id='word_1_271' title='bbox 2789 2199 3003 2263; x_wconf 92' lang='lat' dir='ltr'>loquens</span> <span class='ocrx_word' id='word_1_272' title='bbox 3056 2214 3249 2246; x_wconf 89' lang='lat' dir='ltr'>nexum</span> 
     </span>
     <span class='ocr_line' id='line_1_25' title="bbox 676 2285 1962 2352; baseline 0.001 -18"><span class='ocrx_word' id='word_1_273' title='bbox 676 2303 762 2335; x_wconf 79' lang='lat' dir='ltr'>aes</span> <span class='ocrx_word' id='word_1_274' title='bbox 801 2285 922 2334; x_wconf 83' lang='lat' dir='ltr'>dare</span> <span class='ocrx_word' id='word_1_275' title='bbox 962 2296 1036 2334; x_wconf 77' lang='grc' dir='ltr'>ἐπί</span> <span class='ocrx_word' id='word_1_276' title='bbox 1062 2289 1225 2345; x_wconf 72' lang='grc' dir='ltr'><strong><em>σώμασι</em></strong></span> <span class='ocrx_word' id='word_1_277' title='bbox 1258 2290 1452 2350; x_wconf 61' lang='grc' dir='ltr'><em>δανείζειν</em></span> <span class='ocrx_word' id='word_1_278' title='bbox 1490 2287 1710 2351; x_wconf 75' lang='lat' dir='ltr'>appellat</span> <span class='ocrx_word' id='word_1_279' title='bbox 1746 2286 1855 2352; x_wconf 84' lang='lat' dir='ltr'>(IV.</span> <span class='ocrx_word' id='word_1_280' title='bbox 1896 2288 1962 2351; x_wconf 83' lang='lat'>9).</span> 
     </span>
    </p>

    <p class='ocr_par' dir='ltr' id='par_1_3' title="bbox 672 2372 3247 3665">
     <span class='ocr_line' id='line_1_26' title="bbox 892 2372 3247 2440; baseline -0.001 -18"><span class='ocrx_word' id='word_1_281' title='bbox 892 2372 1229 2435; x_wconf 89' lang='lat' dir='ltr'>Exstiterunt,</span> <span class='ocrx_word' id='word_1_282' title='bbox 1275 2374 1359 2438; x_wconf 92' lang='lat' dir='ltr'>qui</span> <span class='ocrx_word' id='word_1_283' title='bbox 1398 2375 1674 2438; x_wconf 90' lang='lat' dir='ltr'>antiquitus</span> <span class='ocrx_word' id='word_1_284' title='bbox 1713 2374 1847 2440; x_wconf 88' lang='lat' dir='ltr'>apud</span> <span class='ocrx_word' id='word_1_285' title='bbox 1884 2372 2146 2422; x_wconf 86' lang='lat' dir='ltr'>Romanos</span> <span class='ocrx_word' id='word_1_286' title='bbox 2183 2382 2383 2438; x_wconf 90' lang='lat' dir='ltr'>praeter</span> <span class='ocrx_word' id='word_1_287' title='bbox 2420 2381 2586 2421; x_wconf 90' lang='lat' dir='ltr'>actum</span> <span class='ocrx_word' id='word_1_288' title='bbox 2624 2373 2839 2433; x_wconf 90' lang='lat' dir='ltr'>civilem,</span> <span class='ocrx_word' id='word_1_289' title='bbox 2895 2373 2978 2437; x_wconf 92' lang='lat' dir='ltr'>qui</span> <span class='ocrx_word' id='word_1_290' title='bbox 3033 2390 3124 2437; x_wconf 93' lang='lat' dir='ltr'>per</span> <span class='ocrx_word' id='word_1_291' title='bbox 3161 2389 3247 2421; x_wconf 89' lang='lat' dir='ltr'>aes</span> 
     </span>
     <span class='ocr_line' id='line_1_27' title="bbox 677 2460 3245 2527; baseline 0 -20"><span class='ocrx_word' id='word_1_292' title='bbox 677 2468 728 2508; x_wconf 90' lang='lat' dir='ltr'>et</span> <span class='ocrx_word' id='word_1_293' title='bbox 779 2461 962 2508; x_wconf 90' lang='lat' dir='ltr'>libram</span> <span class='ocrx_word' id='word_1_294' title='bbox 1019 2462 1305 2527; x_wconf 85' lang='lat' dir='ltr'>gerebatur,</span> <span class='ocrx_word' id='word_1_295' title='bbox 1360 2462 1555 2509; x_wconf 90' lang='lat' dir='ltr'>nullum</span> <span class='ocrx_word' id='word_1_296' title='bbox 1603 2471 1769 2510; x_wconf 89' lang='lat' dir='ltr'>actum</span> <span class='ocrx_word' id='word_1_297' title='bbox 1817 2462 2072 2527; x_wconf 88' lang='lat' dir='ltr'>privatum</span> <span class='ocrx_word' id='word_1_298' title='bbox 2126 2461 2327 2509; x_wconf 92' lang='lat' dir='ltr'>firmum</span> <span class='ocrx_word' id='word_1_299' title='bbox 2384 2469 2648 2526; x_wconf 89' lang='lat' dir='ltr'>ratumque</span> <span class='ocrx_word' id='word_1_300' title='bbox 2686 2461 2841 2509; x_wconf 89' lang='lat' dir='ltr'>fuisse</span> <span class='ocrx_word' id='word_1_301' title='bbox 2881 2460 3245 2508; x_wconf 86' lang='lat' dir='ltr'>existimarent.</span> 
     </span>
     <span class='ocr_line' id='line_1_28' title="bbox 678 2545 3246 2613; baseline 0 -19"><span class='ocrx_word' id='word_1_302' title='bbox 678 2546 772 2595; x_wconf 91' lang='lat' dir='ltr'>Cui</span> <span class='ocrx_word' id='word_1_303' title='bbox 810 2548 1091 2597; x_wconf 87' lang='lat' dir='ltr'>sententiae</span> <span class='ocrx_word' id='word_1_304' title='bbox 1131 2566 1283 2613; x_wconf 89' lang='lat' dir='ltr'>quum</span> <span class='ocrx_word' id='word_1_305' title='bbox 1320 2549 1616 2597; x_wconf 86' lang='lat' dir='ltr'>testimonia</span> <span class='ocrx_word' id='word_1_306' title='bbox 1655 2548 1854 2609; x_wconf 89' lang='lat' dir='ltr'>desunt,</span> <span class='ocrx_word' id='word_1_307' title='bbox 1908 2557 2017 2596; x_wconf 91' lang='lat' dir='ltr'>tum</span> <span class='ocrx_word' id='word_1_308' title='bbox 2065 2557 2245 2596; x_wconf 91' lang='lat' dir='ltr'>natura</span> <span class='ocrx_word' id='word_1_309' title='bbox 2280 2564 2449 2596; x_wconf 92' lang='lat' dir='ltr'>rerum</span> <span class='ocrx_word' id='word_1_310' title='bbox 2486 2547 2688 2596; x_wconf 90' lang='lat' dir='ltr'>videtur</span> <span class='ocrx_word' id='word_1_311' title='bbox 2724 2563 3023 2612; x_wconf 89' lang='lat' dir='ltr'>repugnare.</span> <span class='ocrx_word' id='word_1_312' title='bbox 3113 2545 3246 2605; x_wconf 82' lang='lat' dir='ltr'>Quo·</span> 
     </span>
     <span class='ocr_line' id='line_1_29' title="bbox 675 2634 3246 2703; baseline 0 -20"><span class='ocrx_word' id='word_1_313' title='bbox 675 2634 815 2684; x_wconf 89' lang='lat' dir='ltr'>niam</span> <span class='ocrx_word' id='word_1_314' title='bbox 854 2651 926 2698; x_wconf 89' lang='lat' dir='ltr'>ea,</span> <span class='ocrx_word' id='word_1_315' title='bbox 983 2653 1109 2701; x_wconf 90' lang='lat' dir='ltr'>quae</span> <span class='ocrx_word' id='word_1_316' title='bbox 1159 2644 1275 2686; x_wconf 89' lang='lat' dir='ltr'>sunt</span> <span class='ocrx_word' id='word_1_317' title='bbox 1323 2636 1451 2703; x_wconf 91' lang='lat' dir='ltr'>juris</span> <span class='ocrx_word' id='word_1_318' title='bbox 1497 2636 1724 2703; x_wconf 90' lang='lat' dir='ltr'>gentium</span> <span class='ocrx_word' id='word_1_319' title='bbox 1775 2636 1881 2686; x_wconf 89' lang='lat' dir='ltr'>sive</span> <span class='ocrx_word' id='word_1_320' title='bbox 1930 2635 2188 2698; x_wconf 77' lang='lat' dir='ltr'>naturaliS,</span> <span class='ocrx_word' id='word_1_321' title='bbox 2244 2652 2443 2702; x_wconf 90' lang='lat' dir='ltr'>semper</span> <span class='ocrx_word' id='word_1_322' title='bbox 2478 2642 2709 2702; x_wconf 90' lang='lat' dir='ltr'>tempore</span> <span class='ocrx_word' id='word_1_323' title='bbox 2745 2641 3135 2701; x_wconf 88' lang='lat' dir='ltr'>praecesserunt</span> <span class='ocrx_word' id='word_1_324' title='bbox 3172 2650 3246 2696; x_wconf 89' lang='lat' dir='ltr'>ea,</span> 
     </span>
     <span class='ocr_line' id='line_1_30' title="bbox 679 2723 3245 2791; baseline -0 -19"><span class='ocrx_word' id='word_1_325' title='bbox 679 2741 806 2788; x_wconf 90' lang='lat' dir='ltr'>quae</span> <span class='ocrx_word' id='word_1_326' title='bbox 846 2741 911 2773; x_wconf 90' lang='lat' dir='ltr'>ex</span> <span class='ocrx_word' id='word_1_327' title='bbox 942 2724 1056 2789; x_wconf 86' lang='lat' dir='ltr'>jure</span> <span class='ocrx_word' id='word_1_328' title='bbox 1095 2725 1225 2774; x_wconf 86' lang='lat' dir='ltr'>civili</span> <span class='ocrx_word' id='word_1_329' title='bbox 1264 2725 1474 2791; x_wconf 88' lang='lat' dir='ltr'>alicujus</span> <span class='ocrx_word' id='word_1_330' title='bbox 1511 2725 1687 2791; x_wconf 92' lang='lat' dir='ltr'>populi</span> <span class='ocrx_word' id='word_1_331' title='bbox 1725 2724 2008 2775; x_wconf 88' lang='lat' dir='ltr'>civitatisve</span> <span class='ocrx_word' id='word_1_332' title='bbox 2047 2723 2432 2785; x_wconf 91' lang='lat' dir='ltr'>descenderunt,</span> <span class='ocrx_word' id='word_1_333' title='bbox 2476 2732 2746 2790; x_wconf 91' lang='lat' dir='ltr'>postquam</span> <span class='ocrx_word' id='word_1_334' title='bbox 2786 2724 2869 2789; x_wconf 90' lang='lat' dir='ltr'>jus</span> <span class='ocrx_word' id='word_1_335' title='bbox 2907 2723 3054 2772; x_wconf 89' lang='lat' dir='ltr'>civile</span> <span class='ocrx_word' id='word_1_336' title='bbox 3091 2723 3245 2771; x_wconf 90' lang='lat' dir='ltr'>intro·</span> 
     </span>
     <span class='ocr_line' id='line_1_31' title="bbox 679 2809 3247 2879; baseline 0 -21"><span class='ocrx_word' id='word_1_337' title='bbox 679 2809 887 2859; x_wconf 90' lang='lat' dir='ltr'>ductum</span> <span class='ocrx_word' id='word_1_338' title='bbox 927 2820 1017 2872; x_wconf 90' lang='lat' dir='ltr'>est,</span> <span class='ocrx_word' id='word_1_339' title='bbox 1055 2813 1157 2860; x_wconf 91' lang='lat' dir='ltr'>vim</span> <span class='ocrx_word' id='word_1_340' title='bbox 1193 2821 1602 2879; x_wconf 90' lang='lat' dir='ltr'>potestatemque</span> <span class='ocrx_word' id='word_1_341' title='bbox 1642 2814 1738 2862; x_wconf 91' lang='lat' dir='ltr'>sibi</span> <span class='ocrx_word' id='word_1_342' title='bbox 1776 2812 2105 2877; x_wconf 86' lang='lat' dir='ltr'>comparavit,</span> <span class='ocrx_word' id='word_1_343' title='bbox 2144 2820 2488 2877; x_wconf 88' lang='lat' dir='ltr'>comparatam</span> <span class='ocrx_word' id='word_1_344' title='bbox 2514 2812 2751 2873; x_wconf 89' lang='lat' dir='ltr'>firmavit,</span> <span class='ocrx_word' id='word_1_345' title='bbox 2790 2828 3049 2876; x_wconf 89' lang='lat' dir='ltr'>nunquam</span> <span class='ocrx_word' id='word_1_346' title='bbox 3073 2819 3247 2858; x_wconf 88' lang='lat' dir='ltr'>tamen</span> 
     </span>
     <span class='ocr_line' id='line_1_32' title="bbox 677 2897 3243 2967; baseline 0.001 -21"><span class='ocrx_word' id='word_1_347' title='bbox 677 2897 809 2947; x_wconf 89' lang='lat' dir='ltr'>adeo</span> <span class='ocrx_word' id='word_1_348' title='bbox 846 2906 1107 2948; x_wconf 89' lang='lat' dir='ltr'>momento</span> <span class='ocrx_word' id='word_1_349' title='bbox 1146 2916 1236 2949; x_wconf 92' lang='lat' dir='ltr'>suo</span> <span class='ocrx_word' id='word_1_350' title='bbox 1276 2901 1448 2961; x_wconf 90' lang='lat' dir='ltr'>valuit,</span> <span class='ocrx_word' id='word_1_351' title='bbox 1503 2909 1558 2950; x_wconf 91' lang='lat' dir='ltr'>ut</span> <span class='ocrx_word' id='word_1_352' title='bbox 1605 2919 1816 2967; x_wconf 89' lang='lat' dir='ltr'>prorsus</span> <span class='ocrx_word' id='word_1_353' title='bbox 1864 2900 2065 2950; x_wconf 91' lang='lat' dir='ltr'>sublato</span> <span class='ocrx_word' id='word_1_354' title='bbox 2113 2900 2225 2965; x_wconf 86' lang='lat' dir='ltr'>jure</span> <span class='ocrx_word' id='word_1_355' title='bbox 2273 2900 2500 2967; x_wconf 91' lang='lat' dir='ltr'>gentium</span> <span class='ocrx_word' id='word_1_356' title='bbox 2552 2917 2710 2949; x_wconf 91' lang='lat' dir='ltr'>unum</span> <span class='ocrx_word' id='word_1_357' title='bbox 2764 2916 2979 2965; x_wconf 87' lang='lat' dir='ltr'>regnum</span> <span class='ocrx_word' id='word_1_358' title='bbox 3032 2906 3243 2949; x_wconf 88' lang='lat' dir='ltr'>teneret.</span> 
     </span>
     <span class='ocr_line' id='line_1_33' title="bbox 676 2984 3242 3056; baseline 0.001 -23"><span class='ocrx_word' id='word_1_359' title='bbox 676 2984 928 3045; x_wconf 87' lang='lat' dir='ltr'>Quotiens</span> <span class='ocrx_word' id='word_1_360' title='bbox 964 3003 1055 3052; x_wconf 90' lang='lat' dir='ltr'>per</span> <span class='ocrx_word' id='word_1_361' title='bbox 1092 3004 1177 3035; x_wconf 90' lang='lat' dir='ltr'>aes</span> <span class='ocrx_word' id='word_1_362' title='bbox 1216 2996 1264 3037; x_wconf 93' lang='lat' dir='ltr'>et</span> <span class='ocrx_word' id='word_1_363' title='bbox 1298 2989 1479 3037; x_wconf 91' lang='lat' dir='ltr'>libram</span> <span class='ocrx_word' id='word_1_364' title='bbox 1518 2988 1710 3038; x_wconf 90' lang='lat' dir='ltr'>credita</span> <span class='ocrx_word' id='word_1_365' title='bbox 1747 2988 1965 3056; x_wconf 90' lang='lat' dir='ltr'>pecunia</span> <span class='ocrx_word' id='word_1_366' title='bbox 2001 2987 2237 3050; x_wconf 88' lang='lat' dir='ltr'>dabatur,</span> <span class='ocrx_word' id='word_1_367' title='bbox 2292 2989 2376 3054; x_wconf 91' lang='lat' dir='ltr'>qui</span> <span class='ocrx_word' id='word_1_368' title='bbox 2413 2987 2718 3054; x_wconf 88' lang='lat' dir='ltr'>accipiebat,</span> <span class='ocrx_word' id='word_1_369' title='bbox 2773 2986 2989 3035; x_wconf 88' lang='lat' dir='ltr'>arctiore</span> <span class='ocrx_word' id='word_1_370' title='bbox 3038 2986 3242 3036; x_wconf 83' lang='lat' dir='ltr'>vinculo</span> 
     </span>
     <span class='ocr_line' id='line_1_34' title="bbox 676 3073 3242 3142; baseline 0 -19"><span class='ocrx_word' id='word_1_371' title='bbox 676 3073 918 3123; x_wconf 92' lang='lat' dir='ltr'>creditori</span> <span class='ocrx_word' id='word_1_372' title='bbox 958 3074 1213 3124; x_wconf 92' lang='lat' dir='ltr'>obnoxius</span> <span class='ocrx_word' id='word_1_373' title='bbox 1249 3076 1419 3139; x_wconf 89' lang='lat' dir='ltr'>fiebat,</span> <span class='ocrx_word' id='word_1_374' title='bbox 1474 3094 1625 3142; x_wconf 90' lang='lat' dir='ltr'>quam</span> <span class='ocrx_word' id='word_1_375' title='bbox 1662 3086 1892 3126; x_wconf 90' lang='lat' dir='ltr'>mutuam</span> <span class='ocrx_word' id='word_1_376' title='bbox 1932 3075 2239 3142; x_wconf 90' lang='lat' dir='ltr'>accipiendo,</span> <span class='ocrx_word' id='word_1_377' title='bbox 2294 3083 2566 3142; x_wconf 88' lang='lat' dir='ltr'>propterea</span> <span class='ocrx_word' id='word_1_378' title='bbox 2620 3074 2756 3141; x_wconf 91' lang='lat' dir='ltr'>quod</span> <span class='ocrx_word' id='word_1_379' title='bbox 2792 3082 3033 3140; x_wconf 89' lang='lat' dir='ltr'>tanquam</span> <span class='ocrx_word' id='word_1_380' title='bbox 3071 3091 3242 3124; x_wconf 89' lang='lat' dir='ltr'>coram</span> 
     </span>
     <span class='ocr_line' id='line_1_35' title="bbox 673 3161 3242 3231; baseline -0 -21"><span class='ocrx_word' id='word_1_381' title='bbox 673 3162 865 3228; x_wconf 91' lang='lat' dir='ltr'>populo</span> <span class='ocrx_word' id='word_1_382' title='bbox 903 3162 1016 3228; x_wconf 89' lang='lat' dir='ltr'>ipso</span> <span class='ocrx_word' id='word_1_383' title='bbox 1062 3163 1324 3229; x_wconf 89' lang='lat' dir='ltr'>negotium</span> <span class='ocrx_word' id='word_1_384' title='bbox 1369 3165 1708 3231; x_wconf 87' lang='lat' dir='ltr'>peragebatur</span> <span class='ocrx_word' id='word_1_385' title='bbox 1757 3165 1820 3214; x_wconf 92' lang='lat' dir='ltr'>ab</span> <span class='ocrx_word' id='word_1_386' title='bbox 1878 3180 2039 3228; x_wconf 88' lang='lat' dir='ltr'>eoque</span> <span class='ocrx_word' id='word_1_387' title='bbox 2093 3164 2501 3213; x_wconf 88' lang='lat' dir='ltr'>confirmabatur.</span> <span class='ocrx_word' id='word_1_388' title='bbox 2591 3161 2720 3211; x_wconf 91' lang='lat' dir='ltr'>Tum</span> <span class='ocrx_word' id='word_1_389' title='bbox 2776 3162 2924 3223; x_wconf 87' lang='lat' dir='ltr'>enim,</span> <span class='ocrx_word' id='word_1_390' title='bbox 2981 3161 3117 3227; x_wconf 92' lang='lat' dir='ltr'>quod</span> <span class='ocrx_word' id='word_1_391' title='bbox 3154 3162 3242 3210; x_wconf 88' lang='lat' dir='ltr'>vix</span> 
     </span>
     <span class='ocr_line' id='line_1_36' title="bbox 674 3248 3241 3315; baseline -0 -18"><span class='ocrx_word' id='word_1_392' title='bbox 674 3249 784 3298; x_wconf 91' lang='lat' dir='ltr'>sine</span> <span class='ocrx_word' id='word_1_393' title='bbox 821 3250 1126 3299; x_wconf 86' lang='lat' dir='ltr'>temeritatis</span> <span class='ocrx_word' id='word_1_394' title='bbox 1166 3251 1372 3298; x_wconf 90' lang='lat' dir='ltr'>crimine</span> <span class='ocrx_word' id='word_1_395' title='bbox 1412 3253 1461 3299; x_wconf 87' lang='lat' dir='ltr'>in</span> <span class='ocrx_word' id='word_1_396' title='bbox 1500 3252 1710 3300; x_wconf 90' lang='lat' dir='ltr'>dubium</span> <span class='ocrx_word' id='word_1_397' title='bbox 1747 3251 1922 3300; x_wconf 91' lang='lat' dir='ltr'>vocari</span> <span class='ocrx_word' id='word_1_398' title='bbox 1958 3258 2139 3315; x_wconf 89' lang='lat' dir='ltr'>potest,</span> <span class='ocrx_word' id='word_1_399' title='bbox 2190 3251 2427 3299; x_wconf 88' lang='lat' dir='ltr'>creditori</span> <span class='ocrx_word' id='word_1_400' title='bbox 2474 3258 2701 3315; x_wconf 83' lang='lat' dir='ltr'>potestas</span> <span class='ocrx_word' id='word_1_401' title='bbox 2741 3248 2970 3309; x_wconf 89' lang='lat' dir='ltr'>dabatur,</span> <span class='ocrx_word' id='word_1_402' title='bbox 3009 3248 3241 3310; x_wconf 90' lang='lat' dir='ltr'>debitori,</span> 
     </span>
     <span class='ocr_line' id='line_1_37' title="bbox 674 3334 3240 3404; baseline 0 -20"><span class='ocrx_word' id='word_1_403' title='bbox 674 3335 760 3401; x_wconf 91' lang='lat' dir='ltr'>qui</span> <span class='ocrx_word' id='word_1_404' title='bbox 797 3334 877 3385; x_wconf 92' lang='lat' dir='ltr'>die</span> <span class='ocrx_word' id='word_1_405' title='bbox 914 3337 1218 3403; x_wconf 86' lang='lat' dir='ltr'>praestituta</span> <span class='ocrx_word' id='word_1_406' title='bbox 1253 3354 1357 3386; x_wconf 92' lang='lat' dir='ltr'>non</span> <span class='ocrx_word' id='word_1_407' title='bbox 1395 3339 1721 3403; x_wconf 88' lang='lat' dir='ltr'>persolvisset</span> <span class='ocrx_word' id='word_1_408' title='bbox 1770 3338 2052 3404; x_wconf 87' lang='lat' dir='ltr'>pecuniam,</span> <span class='ocrx_word' id='word_1_409' title='bbox 2108 3338 2214 3388; x_wconf 91' lang='lat' dir='ltr'>sine</span> <span class='ocrx_word' id='word_1_410' title='bbox 2253 3338 2355 3387; x_wconf 91' lang='lat' dir='ltr'>ullo</span> <span class='ocrx_word' id='word_1_411' title='bbox 2387 3336 2581 3404; x_wconf 87' lang='lat' dir='ltr'>judicio</span> <span class='ocrx_word' id='word_1_412' title='bbox 2618 3353 2822 3384; x_wconf 89' lang='lat' dir='ltr'>manum</span> <span class='ocrx_word' id='word_1_413' title='bbox 2863 3336 3067 3401; x_wconf 89' lang='lat' dir='ltr'>injicere</span> <span class='ocrx_word' id='word_1_414' title='bbox 3106 3354 3240 3385; x_wconf 90' lang='lat' dir='ltr'>eum·</span> 
     </span>
     <span class='ocr_line' id='line_1_38' title="bbox 675 3424 3240 3493; baseline 0 -19"><span class='ocrx_word' id='word_1_415' title='bbox 675 3441 773 3491; x_wconf 90' lang='lat' dir='ltr'>que</span> <span class='ocrx_word' id='word_1_416' title='bbox 811 3424 1019 3476; x_wconf 88' lang='lat' dir='ltr'>domum</span> <span class='ocrx_word' id='word_1_417' title='bbox 1057 3425 1329 3488; x_wconf 91' lang='lat' dir='ltr'>abducere,</span> <span class='ocrx_word' id='word_1_418' title='bbox 1385 3427 1625 3478; x_wconf 85' lang='lat' dir='ltr'>adversus</span> <span class='ocrx_word' id='word_1_419' title='bbox 1661 3428 1964 3478; x_wconf 87' lang='lat' dir='ltr'>infitiantem</span> <span class='ocrx_word' id='word_1_420' title='bbox 2003 3436 2168 3477; x_wconf 88' lang='lat' dir='ltr'>autem</span> <span class='ocrx_word' id='word_1_421' title='bbox 2208 3429 2258 3478; x_wconf 92' lang='lat' dir='ltr'>in</span> <span class='ocrx_word' id='word_1_422' title='bbox 2298 3427 2507 3493; x_wconf 90' lang='lat' dir='ltr'>duplum</span> <span class='ocrx_word' id='word_1_423' title='bbox 2544 3426 2605 3475; x_wconf 91' lang='lat' dir='ltr'>lis</span> <span class='ocrx_word' id='word_1_424' title='bbox 2652 3425 2926 3486; x_wconf 89' lang='lat' dir='ltr'>crescebat,</span> <span class='ocrx_word' id='word_1_425' title='bbox 2972 3433 3027 3475; x_wconf 92' lang='lat' dir='ltr'>ut</span> <span class='ocrx_word' id='word_1_426' title='bbox 3076 3426 3240 3475; x_wconf 89' lang='lat' dir='ltr'>omnis</span> 
     </span>
     <span class='ocr_line' id='line_1_39' title="bbox 672 3513 3238 3582; baseline -0 -19"><span class='ocrx_word' id='word_1_427' title='bbox 672 3529 837 3581; x_wconf 91' lang='lat' dir='ltr'>paene</span> <span class='ocrx_word' id='word_1_428' title='bbox 874 3514 1123 3564; x_wconf 85' lang='lat' dir='ltr'>infitiandi</span> <span class='ocrx_word' id='word_1_429' title='bbox 1160 3515 1291 3565; x_wconf 91' lang='lat' dir='ltr'>ratio</span> <span class='ocrx_word' id='word_1_430' title='bbox 1334 3514 1569 3582; x_wconf 89' lang='lat' dir='ltr'>adempta</span> <span class='ocrx_word' id='word_1_431' title='bbox 1607 3535 1716 3567; x_wconf 89' lang='lat' dir='ltr'>esse</span> <span class='ocrx_word' id='word_1_432' title='bbox 1755 3515 2025 3566; x_wconf 89' lang='lat' dir='ltr'>videretur.</span> <span class='ocrx_word' id='word_1_433' title='bbox 2096 3515 2236 3565; x_wconf 91' lang='lat' dir='ltr'>Haec</span> <span class='ocrx_word' id='word_1_434' title='bbox 2284 3532 2366 3565; x_wconf 91' lang='lat' dir='ltr'>res</span> <span class='ocrx_word' id='word_1_435' title='bbox 2412 3514 2632 3563; x_wconf 87' lang='lat' dir='ltr'>maxime</span> <span class='ocrx_word' id='word_1_436' title='bbox 2679 3513 2852 3575; x_wconf 90' lang='lat' dir='ltr'>valuit,</span> <span class='ocrx_word' id='word_1_437' title='bbox 2908 3530 2995 3563; x_wconf 93' lang='lat' dir='ltr'>cur</span> <span class='ocrx_word' id='word_1_438' title='bbox 3048 3531 3238 3563; x_wconf 87' lang='lat' dir='ltr'>nexum</span> 
     </span>
     <span class='ocr_line' id='line_1_40' title="bbox 674 3602 1444 3665; baseline 0.003 -14"><span class='ocrx_word' id='word_1_439' title='bbox 674 3618 776 3665; x_wconf 86' lang='lat' dir='ltr'>aes,</span> <span class='ocrx_word' id='word_1_440' title='bbox 814 3620 918 3651; x_wconf 91' lang='lat' dir='ltr'>non</span> <span class='ocrx_word' id='word_1_441' title='bbox 956 3610 1185 3653; x_wconf 87' lang='lat' dir='ltr'>mutuum</span> <span class='ocrx_word' id='word_1_442' title='bbox 1226 3602 1444 3653; x_wconf 88' lang='lat' dir='ltr'>daretur.</span> 
     </span>
    </p>
   </div>
  </div>
 </body>
</html>
