<?xml version="1.0" encoding="UTF-8"?>
<!DOCTYPE html PUBLIC "-//W3C//DTD XHTML 1.0 Transitional//EN"
    "http://www.w3.org/TR/xhtml1/DTD/xhtml1-transitional.dtd">
<html xmlns="http://www.w3.org/1999/xhtml" xml:lang="en" lang="en">
 <head>
  <title>
</title>
<meta http-equiv="Content-Type" content="text/html;charset=utf-8" />
  <meta name='ocr-system' content='tesseract 3.04.00' />
  <meta name='ocr-capabilities' content='ocr_page ocr_carea ocr_par ocr_line ocrx_word'/>
</head>
<body>
  <div class='ocr_page' id='page_1' title='image "4777342_0044.png"; bbox 0 0 3461 4168; ppageno 0'>
   <div class='ocr_carea' id='block_1_1' title="bbox 1385 117 1447 166">
    <p class='ocr_par' dir='ltr' id='par_1_1' title="bbox 1385 117 1447 166">
     <span class='ocr_line' id='line_1_1' title="bbox 1385 117 1447 166; baseline -0.016 0"><span class='ocrx_word' id='word_1_1' title='bbox 1385 117 1447 166; x_wconf 84' lang='lat'>37</span> 
     </span>
    </p>
   </div>
   <div class='ocr_carea' id='block_1_2' title="bbox 131 271 2696 3475">
    <p class='ocr_par' dir='ltr' id='par_1_2' title="bbox 131 271 2696 2080">
     <span class='ocr_line' id='line_1_2' title="bbox 142 271 2694 341; baseline -0.001 -15"><span class='ocrx_word' id='word_1_2' title='bbox 142 274 363 341; x_wconf 80' lang='lat' dir='ltr'>mancipi</span> <span class='ocrx_word' id='word_1_3' title='bbox 397 273 504 323; x_wconf 82' lang='lat' dir='ltr'>fere</span> <span class='ocrx_word' id='word_1_4' title='bbox 542 288 756 340; x_wconf 86' lang='lat' dir='ltr'><strong>semper,</strong></span> <span class='ocrx_word' id='word_1_5' title='bbox 791 280 848 323; x_wconf 91' lang='lat' dir='ltr'>ut</span> <span class='ocrx_word' id='word_1_6' title='bbox 882 271 1039 340; x_wconf 86' lang='lat' dir='ltr'>Gajus</span> <span class='ocrx_word' id='word_1_7' title='bbox 1076 271 1213 334; x_wconf 90' lang='lat' dir='ltr'>dicit,</span> <span class='ocrx_word' id='word_1_8' title='bbox 1247 273 1637 339; x_wconf 81' lang='lat' dir='ltr'>mancipatione,</span> <span class='ocrx_word' id='word_1_9' title='bbox 1673 274 1726 321; x_wconf 90' lang='lat' dir='ltr'>in</span> <span class='ocrx_word' id='word_1_10' title='bbox 1762 272 1915 320; x_wconf 90' lang='lat' dir='ltr'>rebus</span> <span class='ocrx_word' id='word_1_11' title='bbox 1949 289 2044 320; x_wconf 89' lang='lat' dir='ltr'>nec</span> <span class='ocrx_word' id='word_1_12' title='bbox 2079 275 2298 340; x_wconf 84' lang='lat' dir='ltr'>mancipi</span> <span class='ocrx_word' id='word_1_13' title='bbox 2333 292 2437 322; x_wconf 91' lang='lat' dir='ltr'>non</span> <span class='ocrx_word' id='word_1_14' title='bbox 2475 275 2621 322; x_wconf 88' lang='lat' dir='ltr'>facile</span> <span class='ocrx_word' id='word_1_15' title='bbox 2641 275 2694 324; x_wconf 91' lang='lat' dir='ltr'>in</span> 
     </span>
     <span class='ocr_line' id='line_1_3' title="bbox 131 359 2695 428; baseline 0 -18"><span class='ocrx_word' id='word_1_16' title='bbox 131 361 249 428; x_wconf 83' lang='lat' dir='ltr'>jure</span> <span class='ocrx_word' id='word_1_17' title='bbox 289 360 518 410; x_wconf 81' lang='lat' dir='ltr'>cessione</span> <span class='ocrx_word' id='word_1_18' title='bbox 554 360 843 423; x_wconf 90' lang='lat' dir='ltr'>utebantur,</span> <span class='ocrx_word' id='word_1_19' title='bbox 895 367 1251 427; x_wconf 76' lang='lat' dir='ltr'>praeterquam</span> <span class='ocrx_word' id='word_1_20' title='bbox 1304 359 1355 407; x_wconf 90' lang='lat' dir='ltr'>in</span> <span class='ocrx_word' id='word_1_21' title='bbox 1406 360 1560 410; x_wconf 91' lang='lat' dir='ltr'>rebus</span> <span class='ocrx_word' id='word_1_22' title='bbox 1611 359 2017 424; x_wconf 83' lang='lat' dir='ltr'>incorporalibus</span> <span class='ocrx_word' id='word_1_23' title='bbox 2062 360 2384 410; x_wconf 82' lang='lat' dir='ltr'>traditionem</span> <span class='ocrx_word' id='word_1_24' title='bbox 2428 380 2532 412; x_wconf 91' lang='lat' dir='ltr'>non</span> <span class='ocrx_word' id='word_1_25' title='bbox 2571 363 2695 411; x_wconf 91' lang='lat' dir='ltr'>reci-</span> 
     </span>
     <span class='ocr_line' id='line_1_4' title="bbox 143 444 2695 513; baseline 0.001 -17"><span class='ocrx_word' id='word_1_26' title='bbox 143 445 417 513; x_wconf 81' lang='lat' dir='ltr'>pientibuS,</span> <span class='ocrx_word' id='word_1_27' title='bbox 454 446 666 497; x_wconf 86' lang='lat' dir='ltr'>forsitan</span> <span class='ocrx_word' id='word_1_28' title='bbox 702 446 854 497; x_wconf 92' lang='lat' dir='ltr'>etiam</span> <span class='ocrx_word' id='word_1_29' title='bbox 890 446 942 496; x_wconf 91' lang='lat' dir='ltr'>in</span> <span class='ocrx_word' id='word_1_30' title='bbox 978 445 1132 495; x_wconf 92' lang='lat' dir='ltr'>rebus</span> <span class='ocrx_word' id='word_1_31' title='bbox 1170 444 1357 511; x_wconf 91' lang='lat' dir='ltr'>oppido</span> <span class='ocrx_word' id='word_1_32' title='bbox 1392 447 1642 512; x_wconf 79' lang='lat' dir='ltr'>pretiosiS,</span> <span class='ocrx_word' id='word_1_33' title='bbox 1679 445 1822 494; x_wconf 89' lang='lat' dir='ltr'>velut</span> <span class='ocrx_word' id='word_1_34' title='bbox 1857 446 2085 511; x_wconf 77' lang='lat' dir='ltr'>gemmiS,</span> <span class='ocrx_word' id='word_1_35' title='bbox 2121 449 2420 513; x_wconf 81' lang='lat' dir='ltr'>margaritis,</span> <span class='ocrx_word' id='word_1_36' title='bbox 2467 450 2695 499; x_wconf 85' lang='lat' dir='ltr'>vestibus</span> 
     </span>
     <span class='ocr_line' id='line_1_5' title="bbox 139 530 2694 602; baseline 0 -17"><span class='ocrx_word' id='word_1_37' title='bbox 139 534 312 585; x_wconf 84' lang='lat' dir='ltr'>sericis</span> <span class='ocrx_word' id='word_1_38' title='bbox 359 534 468 585; x_wconf 90' lang='lat' dir='ltr'>aliis</span> <span class='ocrx_word' id='word_1_39' title='bbox 505 535 613 601; x_wconf 90' lang='lat' dir='ltr'>ejus</span> <span class='ocrx_word' id='word_1_40' title='bbox 649 534 850 600; x_wconf 87' lang='lat' dir='ltr'>generis</span> <span class='ocrx_word' id='word_1_41' title='bbox 885 533 1054 583; x_wconf 89' lang='lat' dir='ltr'>rebus.</span> <span class='ocrx_word' id='word_1_42' title='bbox 1125 530 1183 582; x_wconf 93' lang='lat' dir='ltr'>In</span> <span class='ocrx_word' id='word_1_43' title='bbox 1210 531 1382 582; x_wconf 48' lang='lat' dir='ltr'>‘rebus</span> <span class='ocrx_word' id='word_1_44' title='bbox 1427 551 1521 584; x_wconf 91' lang='lat' dir='ltr'>nec</span> <span class='ocrx_word' id='word_1_45' title='bbox 1573 531 1810 600; x_wconf 84' lang='lat' dir='ltr'>pretiosis</span> <span class='ocrx_word' id='word_1_46' title='bbox 1862 548 1956 581; x_wconf 92' lang='lat' dir='ltr'>nec</span> <span class='ocrx_word' id='word_1_47' title='bbox 2005 532 2254 583; x_wconf 90' lang='lat' dir='ltr'>diuturnis</span> <span class='ocrx_word' id='word_1_48' title='bbox 2306 542 2428 600; x_wconf 84' lang='lat' dir='ltr'>puto</span> <span class='ocrx_word' id='word_1_49' title='bbox 2484 536 2534 584; x_wconf 93' lang='lat' dir='ltr'>in</span> <span class='ocrx_word' id='word_1_50' title='bbox 2581 537 2694 602; x_wconf 85' lang='lat' dir='ltr'>jure</span> 
     </span>
     <span class='ocr_line' id='line_1_6' title="bbox 139 607 2695 687; baseline 0 -16"><span class='ocrx_word' id='word_1_51' title='bbox 139 623 421 671; x_wconf 84' lang='lat' dir='ltr'>cessionem</span> <span class='ocrx_word' id='word_1_52' title='bbox 458 622 694 671; x_wconf 90' lang='lat' dir='ltr'>usitatam</span> <span class='ocrx_word' id='word_1_53' title='bbox 730 607 990 687; x_wconf 89' lang='lat' dir='ltr'>nunquam</span> <span class='ocrx_word' id='word_1_54' title='bbox 1026 620 1181 669; x_wconf 86' lang='lat' dir='ltr'>fuisse</span> <span class='ocrx_word' id='word_1_55' title='bbox 1236 622 1386 684; x_wconf 91' lang='lat' dir='ltr'>(nam</span> <span class='ocrx_word' id='word_1_56' title='bbox 1430 620 1483 669; x_wconf 90' lang='lat' dir='ltr'>id</span> <span class='ocrx_word' id='word_1_57' title='bbox 1525 629 1708 670; x_wconf 87' lang='lat' dir='ltr'>natura</span> <span class='ocrx_word' id='word_1_58' title='bbox 1750 636 1919 667; x_wconf 90' lang='lat' dir='ltr'>rerum</span> <span class='ocrx_word' id='word_1_59' title='bbox 1966 620 2103 668; x_wconf 91' lang='lat' dir='ltr'>omni</span> <span class='ocrx_word' id='word_1_60' title='bbox 2148 621 2260 685; x_wconf 86' lang='lat' dir='ltr'>lege</span> <span class='ocrx_word' id='word_1_61' title='bbox 2298 622 2545 671; x_wconf 88' lang='lat' dir='ltr'>valentior</span> <span class='ocrx_word' id='word_1_62' title='bbox 2589 641 2695 672; x_wconf 92' lang='lat' dir='ltr'>non</span> 
     </span>
     <span class='ocr_line' id='line_1_7' title="bbox 141 707 2696 776; baseline 0.001 -19"><span class='ocrx_word' id='word_1_63' title='bbox 141 709 450 776; x_wconf 85' lang='lat' dir='ltr'>patiebatur)</span> <span class='ocrx_word' id='word_1_64' title='bbox 503 726 804 775; x_wconf 90' lang='lat' dir='ltr'>persuasum</span> <span class='ocrx_word' id='word_1_65' title='bbox 840 708 966 757; x_wconf 89' lang='lat' dir='ltr'>mihi</span> <span class='ocrx_word' id='word_1_66' title='bbox 1022 715 1124 769; x_wconf 89' lang='lat' dir='ltr'>est,</span> <span class='ocrx_word' id='word_1_67' title='bbox 1180 724 1482 773; x_wconf 89' lang='lat' dir='ltr'>quamquam</span> <span class='ocrx_word' id='word_1_68' title='bbox 1536 708 1806 773; x_wconf 85' lang='lat' dir='ltr'>quominus</span> <span class='ocrx_word' id='word_1_69' title='bbox 1845 724 1905 754; x_wconf 90' lang='lat' dir='ltr'>ea</span> <span class='ocrx_word' id='word_1_70' title='bbox 1940 707 2171 757; x_wconf 90' lang='lat' dir='ltr'>homines</span> <span class='ocrx_word' id='word_1_71' title='bbox 2209 710 2608 774; x_wconf 85' lang='lat' dir='ltr'>scrupulosiores</span> <span class='ocrx_word' id='word_1_72' title='bbox 2647 719 2696 759; x_wconf 89' lang='lat' dir='ltr'>et</span> 
     </span>
     <span class='ocr_line' id='line_1_8' title="bbox 139 793 2693 862; baseline -0 -17"><span class='ocrx_word' id='word_1_73' title='bbox 139 796 351 845; x_wconf 91' lang='lat' dir='ltr'>nimium</span> <span class='ocrx_word' id='word_1_74' title='bbox 389 795 656 862; x_wconf 87' lang='lat' dir='ltr'>diligentes</span> <span class='ocrx_word' id='word_1_75' title='bbox 691 794 947 845; x_wconf 91' lang='lat' dir='ltr'>interdum</span> <span class='ocrx_word' id='word_1_76' title='bbox 983 794 1061 844; x_wconf 91' lang='lat' dir='ltr'>usi</span> <span class='ocrx_word' id='word_1_77' title='bbox 1096 795 1211 856; x_wconf 90' lang='lat' dir='ltr'>sint,</span> <span class='ocrx_word' id='word_1_78' title='bbox 1249 811 1353 843; x_wconf 93' lang='lat' dir='ltr'>non</span> <span class='ocrx_word' id='word_1_79' title='bbox 1388 811 1629 861; x_wconf 87' lang='lat' dir='ltr'>repugno.</span> <span class='ocrx_word' id='word_1_80' title='bbox 1717 793 1824 843; x_wconf 90' lang='lat' dir='ltr'>Nec</span> <span class='ocrx_word' id='word_1_81' title='bbox 1862 794 2014 842; x_wconf 92' lang='lat' dir='ltr'>ullam</span> <span class='ocrx_word' id='word_1_82' title='bbox 2052 813 2158 844; x_wconf 90' lang='lat' dir='ltr'>rem</span> <span class='ocrx_word' id='word_1_83' title='bbox 2215 795 2434 844; x_wconf 84' lang='lat' dir='ltr'>arbitror</span> <span class='ocrx_word' id='word_1_84' title='bbox 2485 813 2693 844; x_wconf 88' lang='lat' dir='ltr'>movere</span> 
     </span>
     <span class='ocr_line' id='line_1_9' title="bbox 137 880 2695 945; baseline 0 -15"><span class='ocrx_word' id='word_1_85' title='bbox 137 899 248 944; x_wconf 91' lang='lat' dir='ltr'>nos,</span> <span class='ocrx_word' id='word_1_86' title='bbox 284 890 341 931; x_wconf 92' lang='lat' dir='ltr'>ut</span> <span class='ocrx_word' id='word_1_87' title='bbox 374 882 661 931; x_wconf 83' lang='lat' dir='ltr'>traditionis</span> <span class='ocrx_word' id='word_1_88' title='bbox 701 882 935 930; x_wconf 86' lang='lat' dir='ltr'>effectum</span> <span class='ocrx_word' id='word_1_89' title='bbox 972 898 1053 930; x_wconf 92' lang='lat' dir='ltr'>res</span> <span class='ocrx_word' id='word_1_90' title='bbox 1088 898 1183 929; x_wconf 91' lang='lat' dir='ltr'>nec</span> <span class='ocrx_word' id='word_1_91' title='bbox 1219 880 1439 945; x_wconf 88' lang='lat' dir='ltr'>mancipi</span> <span class='ocrx_word' id='word_1_92' title='bbox 1473 880 1813 930; x_wconf 89' lang='lat' dir='ltr'>transferendi</span> <span class='ocrx_word' id='word_1_93' title='bbox 1849 897 2105 945; x_wconf 86' lang='lat' dir='ltr'>negemus.</span> <span class='ocrx_word' id='word_1_94' title='bbox 2176 881 2388 930; x_wconf 89' lang='lat' dir='ltr'>Plurimi</span> <span class='ocrx_word' id='word_1_95' title='bbox 2425 882 2489 930; x_wconf 93' lang='lat' dir='ltr'>ad</span> <span class='ocrx_word' id='word_1_96' title='bbox 2526 883 2695 930; x_wconf 90' lang='lat' dir='ltr'>locum</span> 
     </span>
     <span class='ocr_line' id='line_1_10' title="bbox 140 965 2694 1035; baseline -0 -18"><span class='ocrx_word' id='word_1_97' title='bbox 140 969 392 1034; x_wconf 88' lang='lat' dir='ltr'>quendam</span> <span class='ocrx_word' id='word_1_98' title='bbox 430 967 541 1035; x_wconf 89' lang='lat' dir='ltr'>Gaji</span> <span class='ocrx_word' id='word_1_99' title='bbox 579 968 672 1035; x_wconf 89' lang='lat' dir='ltr'>(ll.</span> <span class='ocrx_word' id='word_1_100' title='bbox 709 968 809 1033; x_wconf 88' lang='lat'>40)</span> <span class='ocrx_word' id='word_1_101' title='bbox 867 985 920 1017; x_wconf 89' lang='lat' dir='ltr'>se</span> <span class='ocrx_word' id='word_1_102' title='bbox 958 969 1182 1018; x_wconf 87' lang='lat' dir='ltr'>referunt</span> <span class='ocrx_word' id='word_1_103' title='bbox 1220 965 1447 1029; x_wconf 87' lang='lat' dir='ltr'>dicentis,</span> <span class='ocrx_word' id='word_1_104' title='bbox 1502 969 1619 1016; x_wconf 89' lang='lat' dir='ltr'>olim</span> <span class='ocrx_word' id='word_1_105' title='bbox 1668 968 1915 1034; x_wconf 89' lang='lat' dir='ltr'>populum</span> <span class='ocrx_word' id='word_1_106' title='bbox 1969 966 2253 1016; x_wconf 83' lang='lat' dir='ltr'>Romanum</span> <span class='ocrx_word' id='word_1_107' title='bbox 2309 968 2491 1017; x_wconf 87' lang='lat' dir='ltr'>eodem</span> <span class='ocrx_word' id='word_1_108' title='bbox 2546 987 2694 1017; x_wconf 88' lang='lat' dir='ltr'>usum</span> 
     </span>
     <span class='ocr_line' id='line_1_11' title="bbox 138 1053 2695 1122; baseline -0 -17"><span class='ocrx_word' id='word_1_109' title='bbox 138 1057 293 1106; x_wconf 87' lang='lat' dir='ltr'>fuisse</span> <span class='ocrx_word' id='word_1_110' title='bbox 324 1056 453 1121; x_wconf 88' lang='lat' dir='ltr'>jure,</span> <span class='ocrx_word' id='word_1_111' title='bbox 490 1074 590 1122; x_wconf 90' lang='lat' dir='ltr'>quo</span> <span class='ocrx_word' id='word_1_112' title='bbox 627 1055 926 1121; x_wconf 88' lang='lat' dir='ltr'>peregrinos</span> <span class='ocrx_word' id='word_1_113' title='bbox 962 1074 1117 1105; x_wconf 92' lang='lat' dir='ltr'>unum</span> <span class='ocrx_word' id='word_1_114' title='bbox 1158 1055 1403 1105; x_wconf 86' lang='lat' dir='ltr'>habentes</span> <span class='ocrx_word' id='word_1_115' title='bbox 1441 1055 1719 1105; x_wconf 89' lang='lat' dir='ltr'>dominium</span> <span class='ocrx_word' id='word_1_116' title='bbox 1758 1072 1824 1104; x_wconf 84' lang='lat' dir='ltr'>ex</span> <span class='ocrx_word' id='word_1_117' title='bbox 1855 1055 1967 1120; x_wconf 87' lang='lat' dir='ltr'>jure</span> <span class='ocrx_word' id='word_1_118' title='bbox 2009 1053 2306 1114; x_wconf 85' lang='lat' dir='ltr'>Quiritium:</span> <span class='ocrx_word' id='word_1_119' title='bbox 2355 1064 2534 1122; x_wconf 87' lang='lat' dir='ltr'>postea</span> <span class='ocrx_word' id='word_1_120' title='bbox 2572 1056 2695 1105; x_wconf 89' lang='lat' dir='ltr'>divi-</span> 
     </span>
     <span class='ocr_line' id='line_1_12' title="bbox 141 1140 2694 1210; baseline 0 -17"><span class='ocrx_word' id='word_1_121' title='bbox 141 1145 338 1194; x_wconf 90' lang='lat' dir='ltr'>sionem</span> <span class='ocrx_word' id='word_1_122' title='bbox 376 1145 631 1210; x_wconf 90' lang='lat' dir='ltr'>accepisse</span> <span class='ocrx_word' id='word_1_123' title='bbox 670 1143 964 1206; x_wconf 90' lang='lat' dir='ltr'>dominium,</span> <span class='ocrx_word' id='word_1_124' title='bbox 1011 1153 1068 1193; x_wconf 92' lang='lat' dir='ltr'>ut</span> <span class='ocrx_word' id='word_1_125' title='bbox 1104 1143 1230 1192; x_wconf 88' lang='lat' dir='ltr'>alius</span> <span class='ocrx_word' id='word_1_126' title='bbox 1266 1152 1439 1208; x_wconf 88' lang='lat' dir='ltr'>posset</span> <span class='ocrx_word' id='word_1_127' title='bbox 1475 1161 1584 1193; x_wconf 91' lang='lat' dir='ltr'>esse</span> <span class='ocrx_word' id='word_1_128' title='bbox 1623 1162 1686 1192; x_wconf 87' lang='lat' dir='ltr'>ex</span> <span class='ocrx_word' id='word_1_129' title='bbox 1717 1143 1832 1209; x_wconf 89' lang='lat' dir='ltr'>jure</span> <span class='ocrx_word' id='word_1_130' title='bbox 1870 1140 2139 1202; x_wconf 81' lang='lat' dir='ltr'>Quiritium</span> <span class='ocrx_word' id='word_1_131' title='bbox 2176 1142 2424 1204; x_wconf 88' lang='lat' dir='ltr'>dominus,</span> <span class='ocrx_word' id='word_1_132' title='bbox 2480 1144 2605 1194; x_wconf 90' lang='lat' dir='ltr'>alius</span> <span class='ocrx_word' id='word_1_133' title='bbox 2642 1145 2694 1194; x_wconf 92' lang='lat' dir='ltr'>in</span> 
     </span>
     <span class='ocr_line' id='line_1_13' title="bbox 137 1229 2694 1296; baseline 0 -17"><span class='ocrx_word' id='word_1_134' title='bbox 137 1232 287 1280; x_wconf 91' lang='lat' dir='ltr'>bonis</span> <span class='ocrx_word' id='word_1_135' title='bbox 335 1232 538 1280; x_wconf 90' lang='lat' dir='ltr'>habere.</span> <span class='ocrx_word' id='word_1_136' title='bbox 627 1229 821 1289; x_wconf 85' lang='lat' dir='ltr'>Quibus</span> <span class='ocrx_word' id='word_1_137' title='bbox 870 1231 1201 1280; x_wconf 88' lang='lat' dir='ltr'>consideratis</span> <span class='ocrx_word' id='word_1_138' title='bbox 1252 1232 1552 1279; x_wconf 89' lang='lat' dir='ltr'>contrariam</span> <span class='ocrx_word' id='word_1_139' title='bbox 1589 1247 1901 1296; x_wconf 86' lang='lat' dir='ltr'>magnopere</span> <span class='ocrx_word' id='word_1_140' title='bbox 1943 1232 2212 1279; x_wconf 88' lang='lat' dir='ltr'>sustentari</span> <span class='ocrx_word' id='word_1_141' title='bbox 2250 1233 2551 1280; x_wconf 79' lang='lat' dir='ltr'>sententiam</span> <span class='ocrx_word' id='word_1_142' title='bbox 2588 1250 2694 1280; x_wconf 89' lang='lat' dir='ltr'>non</span> 
     </span>
     <span class='ocr_line' id='line_1_14' title="bbox 141 1316 2693 1383; baseline 0 -17"><span class='ocrx_word' id='word_1_143' title='bbox 141 1321 391 1367; x_wconf 87' lang='lat' dir='ltr'>existimo.</span> <span class='ocrx_word' id='word_1_144' title='bbox 461 1317 574 1365; x_wconf 89' lang='lat' dir='ltr'>Hoc</span> <span class='ocrx_word' id='word_1_145' title='bbox 612 1318 760 1379; x_wconf 89' lang='lat' dir='ltr'>enim,</span> <span class='ocrx_word' id='word_1_146' title='bbox 796 1337 900 1365; x_wconf 90' lang='lat' dir='ltr'>non</span> <span class='ocrx_word' id='word_1_147' title='bbox 938 1319 1066 1383; x_wconf 92' lang='lat' dir='ltr'>plus,</span> <span class='ocrx_word' id='word_1_148' title='bbox 1105 1316 1262 1382; x_wconf 85' lang='lat' dir='ltr'>Gajus</span> <span class='ocrx_word' id='word_1_149' title='bbox 1300 1318 1420 1364; x_wconf 90' lang='lat' dir='ltr'>mihi</span> <span class='ocrx_word' id='word_1_150' title='bbox 1457 1317 1679 1365; x_wconf 90' lang='lat' dir='ltr'>indicare</span> <span class='ocrx_word' id='word_1_151' title='bbox 1717 1317 1934 1377; x_wconf 86' lang='lat' dir='ltr'>videtur,</span> <span class='ocrx_word' id='word_1_152' title='bbox 1973 1318 2093 1365; x_wconf 90' lang='lat' dir='ltr'>olim</span> <span class='ocrx_word' id='word_1_153' title='bbox 2132 1336 2260 1378; x_wconf 86' lang='lat' dir='ltr'>eum,</span> <span class='ocrx_word' id='word_1_154' title='bbox 2298 1320 2380 1382; x_wconf 90' lang='lat' dir='ltr'>qui</span> <span class='ocrx_word' id='word_1_155' title='bbox 2416 1337 2523 1367; x_wconf 90' lang='lat' dir='ltr'>rem</span> <span class='ocrx_word' id='word_1_156' title='bbox 2554 1336 2693 1367; x_wconf 87' lang='lat' dir='ltr'>man-</span> 
     </span>
     <span class='ocr_line' id='line_1_15' title="bbox 140 1404 2692 1469; baseline 0 -17"><span class='ocrx_word' id='word_1_157' title='bbox 140 1406 236 1469; x_wconf 89' lang='lat' dir='ltr'>cipi</span> <span class='ocrx_word' id='word_1_158' title='bbox 274 1405 544 1452; x_wconf 87' lang='lat' dir='ltr'>traditione</span> <span class='ocrx_word' id='word_1_159' title='bbox 581 1412 778 1452; x_wconf 88' lang='lat' dir='ltr'>tantum</span> <span class='ocrx_word' id='word_1_160' title='bbox 816 1407 911 1453; x_wconf 91' lang='lat' dir='ltr'>sibi</span> <span class='ocrx_word' id='word_1_161' title='bbox 947 1413 1307 1469; x_wconf 84' lang='lat' dir='ltr'>comparasset,</span> <span class='ocrx_word' id='word_1_162' title='bbox 1356 1422 1384 1450; x_wconf 88' lang='lat' dir='ltr'>a</span> <span class='ocrx_word' id='word_1_163' title='bbox 1419 1414 1652 1469; x_wconf 89' lang='lat' dir='ltr'>praetore</span> <span class='ocrx_word' id='word_1_164' title='bbox 1689 1404 1917 1451; x_wconf 87' lang='lat' dir='ltr'>nondum</span> <span class='ocrx_word' id='word_1_165' title='bbox 1955 1405 2181 1468; x_wconf 89' lang='lat' dir='ltr'>adjutum</span> <span class='ocrx_word' id='word_1_166' title='bbox 2218 1406 2372 1452; x_wconf 89' lang='lat' dir='ltr'>fuisse</span> <span class='ocrx_word' id='word_1_167' title='bbox 2408 1406 2459 1452; x_wconf 92' lang='lat' dir='ltr'>in</span> <span class='ocrx_word' id='word_1_168' title='bbox 2495 1424 2549 1452; x_wconf 91' lang='lat' dir='ltr'>re</span> <span class='ocrx_word' id='word_1_169' title='bbox 2586 1406 2692 1452; x_wconf 90' lang='lat' dir='ltr'>vin-</span> 
     </span>
     <span class='ocr_line' id='line_1_16' title="bbox 140 1489 2694 1557; baseline -0 -18"><span class='ocrx_word' id='word_1_170' title='bbox 140 1489 372 1553; x_wconf 90' lang='lat' dir='ltr'>dicanda,</span> <span class='ocrx_word' id='word_1_171' title='bbox 409 1507 503 1540; x_wconf 92' lang='lat' dir='ltr'>nec</span> <span class='ocrx_word' id='word_1_172' title='bbox 539 1498 704 1540; x_wconf 88' lang='lat' dir='ltr'>tutum</span> <span class='ocrx_word' id='word_1_173' title='bbox 742 1490 845 1540; x_wconf 94' lang='lat' dir='ltr'>doli</span> <span class='ocrx_word' id='word_1_174' title='bbox 884 1492 1183 1557; x_wconf 83' lang='lat' dir='ltr'>exceptione</span> <span class='ocrx_word' id='word_1_175' title='bbox 1222 1490 1461 1540; x_wconf 84' lang='lat' dir='ltr'>adversus</span> <span class='ocrx_word' id='word_1_176' title='bbox 1499 1498 1760 1539; x_wconf 90' lang='lat' dir='ltr'>auctorem</span> <span class='ocrx_word' id='word_1_177' title='bbox 1795 1499 1852 1539; x_wconf 90' lang='lat' dir='ltr'>ut</span> <span class='ocrx_word' id='word_1_178' title='bbox 1888 1490 2150 1539; x_wconf 91' lang='lat' dir='ltr'>dominum</span> <span class='ocrx_word' id='word_1_179' title='bbox 2191 1508 2255 1539; x_wconf 88' lang='lat' dir='ltr'>ex</span> <span class='ocrx_word' id='word_1_180' title='bbox 2284 1492 2398 1557; x_wconf 90' lang='lat' dir='ltr'>jure</span> <span class='ocrx_word' id='word_1_181' title='bbox 2428 1490 2694 1551; x_wconf 81' lang='lat' dir='ltr'>Quiritium</span> 
     </span>
     <span class='ocr_line' id='line_1_17' title="bbox 140 1578 2694 1644; baseline 0 -18"><span class='ocrx_word' id='word_1_182' title='bbox 140 1595 250 1626; x_wconf 92' lang='lat' dir='ltr'>rem</span> <span class='ocrx_word' id='word_1_183' title='bbox 289 1578 646 1627; x_wconf 87' lang='lat' dir='ltr'>vindicantem.</span> <span class='ocrx_word' id='word_1_184' title='bbox 733 1578 974 1627; x_wconf 89' lang='lat' dir='ltr'>Attamen</span> <span class='ocrx_word' id='word_1_185' title='bbox 1010 1596 1115 1627; x_wconf 93' lang='lat' dir='ltr'>non</span> <span class='ocrx_word' id='word_1_186' title='bbox 1152 1595 1359 1643; x_wconf 90' lang='lat' dir='ltr'>prorsus</span> <span class='ocrx_word' id='word_1_187' title='bbox 1396 1578 1652 1626; x_wconf 90' lang='lat' dir='ltr'>crederem</span> <span class='ocrx_word' id='word_1_188' title='bbox 1693 1595 1823 1638; x_wconf 91' lang='lat' dir='ltr'>eum,</span> <span class='ocrx_word' id='word_1_189' title='bbox 1880 1578 1963 1642; x_wconf 93' lang='lat' dir='ltr'>qui</span> <span class='ocrx_word' id='word_1_190' title='bbox 2018 1595 2125 1627; x_wconf 91' lang='lat' dir='ltr'>rem</span> <span class='ocrx_word' id='word_1_191' title='bbox 2179 1596 2272 1627; x_wconf 91' lang='lat' dir='ltr'>nec</span> <span class='ocrx_word' id='word_1_192' title='bbox 2326 1579 2546 1644; x_wconf 89' lang='lat' dir='ltr'>mancipi</span> <span class='ocrx_word' id='word_1_193' title='bbox 2597 1587 2694 1627; x_wconf 84' lang='lat' dir='ltr'>tra-</span> 
     </span>
     <span class='ocr_line' id='line_1_18' title="bbox 140 1663 2693 1730; baseline 0 -18"><span class='ocrx_word' id='word_1_194' title='bbox 140 1664 329 1713; x_wconf 90' lang='lat' dir='ltr'>ditione</span> <span class='ocrx_word' id='word_1_195' title='bbox 369 1665 464 1714; x_wconf 89' lang='lat' dir='ltr'>sibi</span> <span class='ocrx_word' id='word_1_196' title='bbox 502 1665 816 1729; x_wconf 88' lang='lat' dir='ltr'>acquisierat,</span> <span class='ocrx_word' id='word_1_197' title='bbox 856 1683 920 1713; x_wconf 88' lang='lat' dir='ltr'>ex</span> <span class='ocrx_word' id='word_1_198' title='bbox 950 1666 1064 1730; x_wconf 89' lang='lat' dir='ltr'>jure</span> <span class='ocrx_word' id='word_1_199' title='bbox 1103 1663 1352 1724; x_wconf 85' lang='lat' dir='ltr'>Quiritum</span> <span class='ocrx_word' id='word_1_200' title='bbox 1392 1664 1604 1713; x_wconf 90' lang='lat' dir='ltr'>eandem</span> <span class='ocrx_word' id='word_1_201' title='bbox 1641 1664 1899 1713; x_wconf 89' lang='lat' dir='ltr'>vindicare</span> <span class='ocrx_word' id='word_1_202' title='bbox 1937 1665 2178 1729; x_wconf 86' lang='lat' dir='ltr'>potuisse,</span> <span class='ocrx_word' id='word_1_203' title='bbox 2215 1666 2415 1714; x_wconf 88' lang='lat' dir='ltr'>tametsi</span> <span class='ocrx_word' id='word_1_204' title='bbox 2436 1665 2693 1713; x_wconf 90' lang='lat' dir='ltr'>vindicare</span> 
     </span>
     <span class='ocr_line' id='line_1_19' title="bbox 142 1750 2693 1818; baseline -0 -17"><span class='ocrx_word' id='word_1_205' title='bbox 142 1769 256 1801; x_wconf 92' lang='lat' dir='ltr'>eum</span> <span class='ocrx_word' id='word_1_206' title='bbox 294 1752 519 1818; x_wconf 89' lang='lat' dir='ltr'>potuisse</span> <span class='ocrx_word' id='word_1_207' title='bbox 556 1769 854 1818; x_wconf 90' lang='lat' dir='ltr'>persuasum</span> <span class='ocrx_word' id='word_1_208' title='bbox 890 1753 1014 1801; x_wconf 91' lang='lat' dir='ltr'>mihi</span> <span class='ocrx_word' id='word_1_209' title='bbox 1048 1753 1231 1801; x_wconf 92' lang='lat' dir='ltr'>habeo.</span> <span class='ocrx_word' id='word_1_210' title='bbox 1319 1750 1440 1800; x_wconf 77' lang='lat' dir='ltr'>Jure</span> <span class='ocrx_word' id='word_1_211' title='bbox 1479 1750 1747 1812; x_wconf 82' lang='lat' dir='ltr'>Quiritium</span> <span class='ocrx_word' id='word_1_212' title='bbox 1788 1751 1936 1813; x_wconf 89' lang='lat' dir='ltr'>enim,</span> <span class='ocrx_word' id='word_1_213' title='bbox 1991 1760 2046 1801; x_wconf 92' lang='lat' dir='ltr'>ut</span> <span class='ocrx_word' id='word_1_214' title='bbox 2084 1752 2277 1817; x_wconf 89' lang='lat' dir='ltr'>opinor,</span> <span class='ocrx_word' id='word_1_215' title='bbox 2333 1751 2455 1800; x_wconf 92' lang='lat' dir='ltr'>illud</span> <span class='ocrx_word' id='word_1_216' title='bbox 2487 1753 2570 1817; x_wconf 87' lang='lat' dir='ltr'>jus</span> <span class='ocrx_word' id='word_1_217' title='bbox 2610 1751 2693 1801; x_wconf 91' lang='lat' dir='ltr'>de-</span> 
     </span>
     <span class='ocr_line' id='line_1_20' title="bbox 140 1839 2693 1906; baseline -0 -18"><span class='ocrx_word' id='word_1_218' title='bbox 140 1840 447 1906; x_wconf 88' lang='lat' dir='ltr'>signabatur,</span> <span class='ocrx_word' id='word_1_219' title='bbox 486 1840 621 1905; x_wconf 90' lang='lat' dir='ltr'>quod</span> <span class='ocrx_word' id='word_1_220' title='bbox 658 1841 833 1906; x_wconf 92' lang='lat' dir='ltr'>populi</span> <span class='ocrx_word' id='word_1_221' title='bbox 868 1841 1006 1889; x_wconf 88' lang='lat' dir='ltr'>reive</span> <span class='ocrx_word' id='word_1_222' title='bbox 1044 1841 1276 1906; x_wconf 90' lang='lat' dir='ltr'>publicae</span> <span class='ocrx_word' id='word_1_223' title='bbox 1316 1841 1454 1904; x_wconf 92' lang='lat' dir='ltr'>quasi</span> <span class='ocrx_word' id='word_1_224' title='bbox 1491 1839 1844 1887; x_wconf 86' lang='lat' dir='ltr'>confirmatum</span> <span class='ocrx_word' id='word_1_225' title='bbox 1873 1849 1923 1887; x_wconf 91' lang='lat' dir='ltr'>et</span> <span class='ocrx_word' id='word_1_226' title='bbox 1956 1841 2205 1888; x_wconf 87' lang='lat' dir='ltr'>munitum</span> <span class='ocrx_word' id='word_1_227' title='bbox 2227 1849 2358 1887; x_wconf 89' lang='lat' dir='ltr'>esset</span> <span class='ocrx_word' id='word_1_228' title='bbox 2379 1840 2693 1900; x_wconf 88' lang='lat' dir='ltr'>auctoritate,</span> 
     </span>
     <span class='ocr_line' id='line_1_21' title="bbox 139 1926 2693 1992; baseline -0 -18"><span class='ocrx_word' id='word_1_229' title='bbox 139 1926 322 1992; x_wconf 92' lang='lat' dir='ltr'>quippe</span> <span class='ocrx_word' id='word_1_230' title='bbox 360 1936 707 1991; x_wconf 88' lang='lat' dir='ltr'>comparatum</span> <span class='ocrx_word' id='word_1_231' title='bbox 743 1943 835 1991; x_wconf 95' lang='lat' dir='ltr'>per</span> <span class='ocrx_word' id='word_1_232' title='bbox 871 1944 957 1976; x_wconf 89' lang='lat' dir='ltr'>aes</span> <span class='ocrx_word' id='word_1_233' title='bbox 995 1935 1043 1976; x_wconf 89' lang='lat' dir='ltr'>et</span> <span class='ocrx_word' id='word_1_234' title='bbox 1092 1928 1288 1987; x_wconf 85' lang='lat' dir='ltr'>libram,</span> <span class='ocrx_word' id='word_1_235' title='bbox 1343 1927 1392 1974; x_wconf 90' lang='lat' dir='ltr'>in</span> <span class='ocrx_word' id='word_1_236' title='bbox 1439 1927 1551 1991; x_wconf 89' lang='lat' dir='ltr'>jure</span> <span class='ocrx_word' id='word_1_237' title='bbox 1607 1927 1852 1988; x_wconf 89' lang='lat' dir='ltr'>cessione,</span> <span class='ocrx_word' id='word_1_238' title='bbox 1908 1944 2077 1988; x_wconf 91' lang='lat' dir='ltr'>censu,</span> <span class='ocrx_word' id='word_1_239' title='bbox 2132 1928 2552 1987; x_wconf 84' lang='lat' dir='ltr'>confarreatione,</span> <span class='ocrx_word' id='word_1_240' title='bbox 2610 1926 2693 1973; x_wconf 89' lang='lat' dir='ltr'>ad-</span> 
     </span>
     <span class='ocr_line' id='line_1_22' title="bbox 131 2012 928 2080; baseline -0.001 -18"><span class='ocrx_word' id='word_1_241' title='bbox 131 2012 460 2079; x_wconf 87' lang='lat' dir='ltr'>judicatione,</span> <span class='ocrx_word' id='word_1_242' title='bbox 496 2013 819 2079; x_wconf 90' lang='lat' dir='ltr'>usucapione.</span> <span class='ocrx_word' id='word_1_243' title='bbox 844 2014 928 2080; x_wconf 83' lang='lat'>³⁰)</span> 
     </span>
    </p>

    <p class='ocr_par' dir='ltr' id='par_1_3' title="bbox 133 2099 2696 3475">
     <span class='ocr_line' id='line_1_23' title="bbox 354 2099 2696 2166; baseline 0 -19"><span class='ocrx_word' id='word_1_244' title='bbox 354 2099 551 2149; x_wconf 87' lang='lat' dir='ltr'>Puchta</span> <span class='ocrx_word' id='word_1_245' title='bbox 607 2099 948 2149; x_wconf 89' lang='lat' dir='ltr'>adversariam</span> <span class='ocrx_word' id='word_1_246' title='bbox 1003 2102 1268 2166; x_wconf 86' lang='lat' dir='ltr'>amplexus</span> <span class='ocrx_word' id='word_1_247' title='bbox 1324 2103 1647 2161; x_wconf 87' lang='lat' dir='ltr'>sententiam,</span> <span class='ocrx_word' id='word_1_248' title='bbox 1701 2101 1938 2149; x_wconf 89' lang='lat' dir='ltr'>homines</span> <span class='ocrx_word' id='word_1_249' title='bbox 1993 2102 2219 2165; x_wconf 90' lang='lat' dir='ltr'>privatos</span> <span class='ocrx_word' id='word_1_250' title='bbox 2274 2102 2416 2149; x_wconf 87' lang='lat' dir='ltr'>initio</span> <span class='ocrx_word' id='word_1_251' title='bbox 2471 2117 2553 2149; x_wconf 90' lang='lat' dir='ltr'>res</span> <span class='ocrx_word' id='word_1_252' title='bbox 2601 2101 2696 2149; x_wconf 90' lang='lat' dir='ltr'>sibi</span> 
     </span>
     <span class='ocr_line' id='line_1_24' title="bbox 138 2187 2695 2253; baseline 0.001 -20"><span class='ocrx_word' id='word_1_253' title='bbox 138 2204 387 2252; x_wconf 91' lang='lat' dir='ltr'>quemque</span> <span class='ocrx_word' id='word_1_254' title='bbox 426 2204 748 2252; x_wconf 90' lang='lat' dir='ltr'>comparasse</span> <span class='ocrx_word' id='word_1_255' title='bbox 787 2206 851 2235; x_wconf 87' lang='lat' dir='ltr'>ex</span> <span class='ocrx_word' id='word_1_256' title='bbox 887 2189 1021 2236; x_wconf 87' lang='lat' dir='ltr'>bello</span> <span class='ocrx_word' id='word_1_257' title='bbox 1060 2197 1232 2253; x_wconf 87' lang='lat' dir='ltr'>captas</span> <span class='ocrx_word' id='word_1_258' title='bbox 1272 2188 1556 2236; x_wconf 88' lang='lat' dir='ltr'>addictione</span> <span class='ocrx_word' id='word_1_259' title='bbox 1585 2188 1909 2252; x_wconf 87' lang='lat' dir='ltr'>magistratus</span> <span class='ocrx_word' id='word_1_260' title='bbox 1947 2196 2189 2248; x_wconf 87' lang='lat' dir='ltr'>autumat,</span> <span class='ocrx_word' id='word_1_261' title='bbox 2227 2205 2381 2251; x_wconf 91' lang='lat' dir='ltr'>quum</span> <span class='ocrx_word' id='word_1_262' title='bbox 2419 2194 2505 2236; x_wconf 90' lang='lat' dir='ltr'>aut</span> <span class='ocrx_word' id='word_1_263' title='bbox 2541 2187 2695 2251; x_wconf 89' lang='lat' dir='ltr'>impe-</span> 
     </span>
     <span class='ocr_line' id='line_1_25' title="bbox 138 2273 2693 2365; baseline -0 -43"><span class='ocrx_word' id='word_1_264' title='bbox 138 2281 278 2322; x_wconf 90' lang='lat' dir='ltr'>rator</span> <span class='ocrx_word' id='word_1_265' title='bbox 316 2290 397 2322; x_wconf 89' lang='lat' dir='ltr'>res</span> <span class='ocrx_word' id='word_1_266' title='bbox 433 2273 821 2365; x_wconf 43' lang='lat' dir='ltr'>praedaesinter</span> <span class='ocrx_word' id='word_1_267' title='bbox 856 2275 1041 2324; x_wconf 85' lang='lat' dir='ltr'>milites</span> <span class='ocrx_word' id='word_1_268' title='bbox 1088 2276 1424 2337; x_wconf 89' lang='lat' dir='ltr'>distribueret,</span> <span class='ocrx_word' id='word_1_269' title='bbox 1481 2283 1565 2323; x_wconf 88' lang='lat' dir='ltr'>aut</span> <span class='ocrx_word' id='word_1_270' title='bbox 1602 2284 1841 2340; x_wconf 90' lang='lat' dir='ltr'>quaestor</span> <span class='ocrx_word' id='word_1_271' title='bbox 1878 2276 2087 2342; x_wconf 84' lang='lat' dir='ltr'>singulis</span> <span class='ocrx_word' id='word_1_272' title='bbox 2140 2274 2416 2322; x_wconf 89' lang='lat' dir='ltr'>venderet:</span> <span class='ocrx_word' id='word_1_273' title='bbox 2472 2292 2556 2322; x_wconf 91' lang='lat' dir='ltr'>eas</span> <span class='ocrx_word' id='word_1_274' title='bbox 2612 2292 2693 2321; x_wconf 91' lang='lat' dir='ltr'>res</span> 
     </span>
     <span class='ocr_line' id='line_1_26' title="bbox 137 2360 2692 2428; baseline -0.001 -18"><span class='ocrx_word' id='word_1_275' title='bbox 137 2360 320 2410; x_wconf 89' lang='lat' dir='ltr'>deinde</span> <span class='ocrx_word' id='word_1_276' title='bbox 358 2361 489 2409; x_wconf 92' lang='lat' dir='ltr'>inter</span> <span class='ocrx_word' id='word_1_277' title='bbox 523 2361 750 2426; x_wconf 86' lang='lat' dir='ltr'>privatos</span> <span class='ocrx_word' id='word_1_278' title='bbox 787 2361 1022 2412; x_wconf 90' lang='lat' dir='ltr'>dominos</span> <span class='ocrx_word' id='word_1_279' title='bbox 1059 2371 1280 2412; x_wconf 89' lang='lat' dir='ltr'>mutasse</span> <span class='ocrx_word' id='word_1_280' title='bbox 1320 2364 1370 2411; x_wconf 93' lang='lat' dir='ltr'>in</span> <span class='ocrx_word' id='word_1_281' title='bbox 1403 2363 1513 2428; x_wconf 88' lang='lat' dir='ltr'>jure</span> <span class='ocrx_word' id='word_1_282' title='bbox 1554 2363 1799 2424; x_wconf 90' lang='lat' dir='ltr'>cessione,</span> <span class='ocrx_word' id='word_1_283' title='bbox 1855 2380 1982 2427; x_wconf 91' lang='lat' dir='ltr'>quae</span> <span class='ocrx_word' id='word_1_284' title='bbox 2037 2371 2087 2411; x_wconf 89' lang='lat' dir='ltr'>et</span> <span class='ocrx_word' id='word_1_285' title='bbox 2133 2363 2241 2426; x_wconf 91' lang='lat' dir='ltr'>ipsa</span> <span class='ocrx_word' id='word_1_286' title='bbox 2289 2369 2423 2410; x_wconf 90' lang='lat' dir='ltr'>esset</span> <span class='ocrx_word' id='word_1_287' title='bbox 2471 2361 2692 2409; x_wconf 91' lang='lat' dir='ltr'>addictio</span> 
     </span>
     <span class='ocr_line' id='line_1_27' title="bbox 136 2447 2693 2517; baseline 0 -21"><span class='ocrx_word' id='word_1_288' title='bbox 136 2447 475 2514; x_wconf 86' lang='lat' dir='ltr'>magistratus,</span> <span class='ocrx_word' id='word_1_289' title='bbox 534 2465 688 2513; x_wconf 92' lang='lat' dir='ltr'>quum</span> <span class='ocrx_word' id='word_1_290' title='bbox 732 2465 795 2497; x_wconf 89' lang='lat' dir='ltr'>ex</span> <span class='ocrx_word' id='word_1_291' title='bbox 842 2457 1011 2498; x_wconf 91' lang='lat' dir='ltr'>mente</span> <span class='ocrx_word' id='word_1_292' title='bbox 1048 2450 1233 2499; x_wconf 86' lang='lat' dir='ltr'>veteris</span> <span class='ocrx_word' id='word_1_293' title='bbox 1284 2450 1411 2517; x_wconf 87' lang='lat' dir='ltr'>jnris</span> <span class='ocrx_word' id='word_1_294' title='bbox 1446 2450 1614 2515; x_wconf 91' lang='lat' dir='ltr'>utique</span> <span class='ocrx_word' id='word_1_295' title='bbox 1652 2450 1875 2499; x_wconf 91' lang='lat' dir='ltr'>solennis</span> <span class='ocrx_word' id='word_1_296' title='bbox 1914 2449 2203 2515; x_wconf 89' lang='lat' dir='ltr'>acquirendi</span> <span class='ocrx_word' id='word_1_297' title='bbox 2239 2449 2423 2497; x_wconf 91' lang='lat' dir='ltr'>modus</span> <span class='ocrx_word' id='word_1_298' title='bbox 2460 2465 2693 2514; x_wconf 89' lang='lat' dir='ltr'>poscere-</span> 
     </span>
     <span class='ocr_line' id='line_1_28' title="bbox 136 2536 2693 2602; baseline 0 -18"><span class='ocrx_word' id='word_1_299' title='bbox 136 2543 250 2584; x_wconf 87' lang='lat' dir='ltr'>tur:</span> <span class='ocrx_word' id='word_1_300' title='bbox 289 2542 468 2599; x_wconf 89' lang='lat' dir='ltr'>postea</span> <span class='ocrx_word' id='word_1_301' title='bbox 504 2536 777 2584; x_wconf 88' lang='lat' dir='ltr'>accessisse</span> <span class='ocrx_word' id='word_1_302' title='bbox 816 2544 982 2586; x_wconf 87' lang='lat' dir='ltr'>actum</span> <span class='ocrx_word' id='word_1_303' title='bbox 1020 2538 1288 2602; x_wconf 82' lang='lat' dir='ltr'>privatum,</span> <span class='ocrx_word' id='word_1_304' title='bbox 1336 2538 1773 2602; x_wconf 90' lang='lat' dir='ltr'>mancipationem,</span> <span class='ocrx_word' id='word_1_305' title='bbox 1828 2554 1927 2600; x_wconf 93' lang='lat' dir='ltr'>quo</span> <span class='ocrx_word' id='word_1_306' title='bbox 1965 2537 2178 2585; x_wconf 88' lang='lat' dir='ltr'>faciliori</span> <span class='ocrx_word' id='word_1_307' title='bbox 2215 2538 2315 2585; x_wconf 90' lang='lat' dir='ltr'>ritu</span> <span class='ocrx_word' id='word_1_308' title='bbox 2354 2553 2435 2585; x_wconf 87' lang='lat' dir='ltr'>res</span> <span class='ocrx_word' id='word_1_309' title='bbox 2473 2536 2693 2601; x_wconf 90' lang='lat' dir='ltr'>mancipi</span> 
     </span>
     <span class='ocr_line' id='line_1_29' title="bbox 138 2622 2688 2695; baseline 0.002 -26"><span class='ocrx_word' id='word_1_310' title='bbox 138 2630 579 2687; x_wconf 85' lang='lat' dir='ltr'>compararentur:</span> <span class='ocrx_word' id='word_1_311' title='bbox 618 2623 1004 2687; x_wconf 86' lang='lat' dir='ltr'>mancipationis</span> <span class='ocrx_word' id='word_1_312' title='bbox 1027 2625 1161 2673; x_wconf 89' lang='lat' dir='ltr'>enim</span> <span class='ocrx_word' id='word_1_313' title='bbox 1179 2644 1274 2674; x_wconf 92' lang='lat' dir='ltr'>usu</span> <span class='ocrx_word' id='word_1_314' title='bbox 1293 2625 1344 2673; x_wconf 92' lang='lat' dir='ltr'>in</span> <span class='ocrx_word' id='word_1_315' title='bbox 1382 2625 1532 2695; x_wconf 79' lang='lat' dir='ltr'>rebus</span> <span class='ocrx_word' id='word_1_316' title='bbox 1568 2623 1785 2688; x_wconf 89' lang='lat' dir='ltr'>mancipi</span> <span class='ocrx_word' id='word_1_317' title='bbox 1824 2641 2257 2688; x_wconf 88' lang='lat' dir='ltr'>supervacaneam</span> <span class='ocrx_word' id='word_1_318' title='bbox 2293 2622 2545 2673; x_wconf 86' lang='lat' dir='ltr'>redditam</span> <span class='ocrx_word' id='word_1_319' title='bbox 2579 2640 2688 2688; x_wconf 77' lang='lat' dir='ltr'>esse</span> 
     </span>
     <span class='ocr_line' id='line_1_30' title="bbox 137 2692 2693 2778; baseline 0.001 -21"><span class='ocrx_word' id='word_1_320' title='bbox 137 2712 187 2757; x_wconf 91' lang='lat' dir='ltr'>in</span> <span class='ocrx_word' id='word_1_321' title='bbox 220 2711 334 2775; x_wconf 83' lang='lat' dir='ltr'>jure</span> <span class='ocrx_word' id='word_1_322' title='bbox 375 2711 656 2757; x_wconf 87' lang='lat' dir='ltr'>cessionem</span> <span class='ocrx_word' id='word_1_323' title='bbox 695 2728 808 2757; x_wconf 91' lang='lat' dir='ltr'>cum</span> <span class='ocrx_word' id='word_1_324' title='bbox 844 2713 1036 2776; x_wconf 86' lang='lat' dir='ltr'>majore</span> <span class='ocrx_word' id='word_1_325' title='bbox 1077 2715 1399 2778; x_wconf 81' lang='lat' dir='ltr'>conjunct-am</span> <span class='ocrx_word' id='word_1_326' title='bbox 1437 2692 1758 2759; x_wconf 62' lang='lat' dir='ltr'>difficultate:</span> <span class='ocrx_word' id='word_1_327' title='bbox 1812 2709 2019 2758; x_wconf 86' lang='lat' dir='ltr'>tandem</span> <span class='ocrx_word' id='word_1_328' title='bbox 2058 2710 2210 2759; x_wconf 89' lang='lat' dir='ltr'>etiam</span> <span class='ocrx_word' id='word_1_329' title='bbox 2249 2730 2331 2759; x_wconf 90' lang='lat' dir='ltr'>res</span> <span class='ocrx_word' id='word_1_330' title='bbox 2369 2709 2693 2774; x_wconf 83' lang='lat' dir='ltr'>mancipatio-</span> 
     </span>
     <span class='ocr_line' id='line_1_31' title="bbox 136 2797 2692 2864; baseline 0 -19"><span class='ocrx_word' id='word_1_331' title='bbox 136 2814 255 2846; x_wconf 91' lang='lat' dir='ltr'>nem</span> <span class='ocrx_word' id='word_1_332' title='bbox 291 2814 395 2846; x_wconf 92' lang='lat' dir='ltr'>non</span> <span class='ocrx_word' id='word_1_333' title='bbox 434 2797 756 2846; x_wconf 88' lang='lat' dir='ltr'>admittentes</span> <span class='ocrx_word' id='word_1_334' title='bbox 794 2799 984 2847; x_wconf 89' lang='lat' dir='ltr'>solutas</span> <span class='ocrx_word' id='word_1_335' title='bbox 1022 2816 1132 2848; x_wconf 93' lang='lat' dir='ltr'>esse</span> <span class='ocrx_word' id='word_1_336' title='bbox 1170 2801 1471 2849; x_wconf 89' lang='lat' dir='ltr'>necessitate</span> <span class='ocrx_word' id='word_1_337' title='bbox 1507 2801 1557 2847; x_wconf 92' lang='lat' dir='ltr'>in</span> <span class='ocrx_word' id='word_1_338' title='bbox 1589 2800 1701 2864; x_wconf 86' lang='lat' dir='ltr'>jure</span> <span class='ocrx_word' id='word_1_339' title='bbox 1739 2799 1994 2846; x_wconf 87' lang='lat' dir='ltr'>cessionis.</span> <span class='ocrx_word' id='word_1_340' title='bbox 2083 2797 2165 2846; x_wconf 86' lang='lat' dir='ltr'>Ex</span> <span class='ocrx_word' id='word_1_341' title='bbox 2212 2797 2438 2847; x_wconf 90' lang='lat' dir='ltr'>Puchtae</span> <span class='ocrx_word' id='word_1_342' title='bbox 2494 2806 2692 2846; x_wconf 89' lang='lat' dir='ltr'>senten·</span> 
     </span>
     <span class='ocr_line' id='line_1_32' title="bbox 139 2885 2691 2953; baseline 0 -19"><span class='ocrx_word' id='word_1_343' title='bbox 139 2885 211 2935; x_wconf 80' lang='lat' dir='ltr'>tia</span> <span class='ocrx_word' id='word_1_344' title='bbox 248 2885 523 2952; x_wconf 86' lang='lat' dir='ltr'>singularia</span> <span class='ocrx_word' id='word_1_345' title='bbox 558 2886 786 2951; x_wconf 87' lang='lat' dir='ltr'>profecto</span> <span class='ocrx_word' id='word_1_346' title='bbox 824 2886 1028 2936; x_wconf 88' lang='lat' dir='ltr'>fuerunt</span> <span class='ocrx_word' id='word_1_347' title='bbox 1072 2887 1334 2937; x_wconf 90' lang='lat' dir='ltr'>hominum</span> <span class='ocrx_word' id='word_1_348' title='bbox 1373 2887 1717 2937; x_wconf 88' lang='lat' dir='ltr'>Romanorum</span> <span class='ocrx_word' id='word_1_349' title='bbox 1773 2886 1989 2953; x_wconf 86' lang='lat' dir='ltr'>ingenia,</span> <span class='ocrx_word' id='word_1_350' title='bbox 2045 2887 2131 2953; x_wconf 92' lang='lat' dir='ltr'>qui</span> <span class='ocrx_word' id='word_1_351' title='bbox 2186 2886 2476 2936; x_wconf 90' lang='lat' dir='ltr'>censuerint</span> <span class='ocrx_word' id='word_1_352' title='bbox 2528 2903 2691 2953; x_wconf 91' lang='lat' dir='ltr'>agros,</span> 
     </span>
     <span class='ocr_line' id='line_1_33' title="bbox 139 2972 2687 3042; baseline -0 -22"><span class='ocrx_word' id='word_1_353' title='bbox 139 2972 369 3036; x_wconf 88' lang='lat' dir='ltr'>quamvis</span> <span class='ocrx_word' id='word_1_354' title='bbox 417 2989 645 3040; x_wconf 88' lang='lat' dir='ltr'>magnos,</span> <span class='ocrx_word' id='word_1_355' title='bbox 699 2972 979 3039; x_wconf 92' lang='lat' dir='ltr'>domusque</span> <span class='ocrx_word' id='word_1_356' title='bbox 1030 2975 1246 3040; x_wconf 85' lang='lat' dir='ltr'>optimas</span> <span class='ocrx_word' id='word_1_357' title='bbox 1299 2976 1497 3042; x_wconf 90' lang='lat' dir='ltr'>privato</span> <span class='ocrx_word' id='word_1_358' title='bbox 1551 2992 1699 3042; x_wconf 91' lang='lat' dir='ltr'>posse</span> <span class='ocrx_word' id='word_1_359' title='bbox 1755 2986 1868 3023; x_wconf 85' lang='lat' dir='ltr'>actu</span> <span class='ocrx_word' id='word_1_360' title='bbox 1922 2976 2221 3041; x_wconf 90' lang='lat' dir='ltr'>comparari,</span> <span class='ocrx_word' id='word_1_361' title='bbox 2279 2982 2458 3036; x_wconf 90' lang='lat' dir='ltr'>aratra,</span> <span class='ocrx_word' id='word_1_362' title='bbox 2513 2981 2687 3033; x_wconf 87' lang='lat' dir='ltr'>crates,</span> 
     </span>
     <span class='ocr_line' id='line_1_34' title="bbox 135 3059 2685 3128; baseline -0 -20"><span class='ocrx_word' id='word_1_363' title='bbox 135 3059 277 3124; x_wconf 90' lang='lat' dir='ltr'>palas</span> <span class='ocrx_word' id='word_1_364' title='bbox 314 3079 420 3109; x_wconf 92' lang='lat' dir='ltr'>non</span> <span class='ocrx_word' id='word_1_365' title='bbox 456 3061 593 3122; x_wconf 90' lang='lat' dir='ltr'>item,</span> <span class='ocrx_word' id='word_1_366' title='bbox 632 3061 715 3126; x_wconf 89' lang='lat' dir='ltr'>qui</span> <span class='ocrx_word' id='word_1_367' title='bbox 751 3061 996 3121; x_wconf 91' lang='lat' dir='ltr'>homines,</span> <span class='ocrx_word' id='word_1_368' title='bbox 1036 3080 1208 3126; x_wconf 92' lang='lat' dir='ltr'>equos,</span> <span class='ocrx_word' id='word_1_369' title='bbox 1258 3062 1418 3113; x_wconf 89' lang='lat' dir='ltr'>boves</span> <span class='ocrx_word' id='word_1_370' title='bbox 1455 3082 1546 3128; x_wconf 90' lang='lat' dir='ltr'>per</span> <span class='ocrx_word' id='word_1_371' title='bbox 1582 3062 2007 3127; x_wconf 89' lang='lat' dir='ltr'>mancipationem</span> <span class='ocrx_word' id='word_1_372' title='bbox 2047 3080 2166 3113; x_wconf 89' lang='lat' dir='ltr'>suos</span> <span class='ocrx_word' id='word_1_373' title='bbox 2203 3063 2369 3112; x_wconf 89' lang='lat' dir='ltr'>facere</span> <span class='ocrx_word' id='word_1_374' title='bbox 2405 3078 2506 3112; x_wconf 93' lang='lat' dir='ltr'>non</span> <span class='ocrx_word' id='word_1_375' title='bbox 2546 3060 2685 3109; x_wconf 90' lang='lat' dir='ltr'>dubi-</span> 
     </span>
     <span class='ocr_line' id='line_1_35' title="bbox 134 3146 2687 3217; baseline 0 -23"><span class='ocrx_word' id='word_1_376' title='bbox 134 3149 304 3209; x_wconf 87' lang='lat' dir='ltr'>tarint,</span> <span class='ocrx_word' id='word_1_377' title='bbox 362 3166 484 3196; x_wconf 91' lang='lat' dir='ltr'>oves</span> <span class='ocrx_word' id='word_1_378' title='bbox 522 3167 661 3210; x_wconf 91' lang='lat' dir='ltr'>vero,</span> <span class='ocrx_word' id='word_1_379' title='bbox 716 3169 906 3215; x_wconf 87' lang='lat' dir='ltr'>capras,</span> <span class='ocrx_word' id='word_1_380' title='bbox 964 3168 1078 3198; x_wconf 90' lang='lat' dir='ltr'>sues</span> <span class='ocrx_word' id='word_1_381' title='bbox 1116 3151 1210 3214; x_wconf 90' lang='lat' dir='ltr'>(ne</span> <span class='ocrx_word' id='word_1_382' title='bbox 1248 3150 1411 3199; x_wconf 89' lang='lat' dir='ltr'>dicam</span> <span class='ocrx_word' id='word_1_383' title='bbox 1450 3151 1511 3199; x_wconf 90' lang='lat' dir='ltr'>de</span> <span class='ocrx_word' id='word_1_384' title='bbox 1550 3150 1825 3211; x_wconf 89' lang='lat' dir='ltr'>anseribus,</span> <span class='ocrx_word' id='word_1_385' title='bbox 1876 3151 2142 3212; x_wconf 88' lang='lat' dir='ltr'>columbis,</span> <span class='ocrx_word' id='word_1_386' title='bbox 2197 3149 2449 3217; x_wconf 86' lang='lat' dir='ltr'>gallinis),</span> <span class='ocrx_word' id='word_1_387' title='bbox 2504 3146 2600 3197; x_wconf 86' lang='lat' dir='ltr'>nisi</span> <span class='ocrx_word' id='word_1_388' title='bbox 2656 3164 2687 3196; x_wconf 90' lang='lat' dir='ltr'>a</span> 
     </span>
     <span class='ocr_line' id='line_1_36' title="bbox 135 3234 2682 3303; baseline 0 -21"><span class='ocrx_word' id='word_1_389' title='bbox 135 3243 369 3300; x_wconf 86' lang='lat' dir='ltr'>praetore</span> <span class='ocrx_word' id='word_1_390' title='bbox 409 3236 634 3285; x_wconf 88' lang='lat' dir='ltr'>addictas</span> <span class='ocrx_word' id='word_1_391' title='bbox 671 3246 805 3285; x_wconf 88' lang='lat' dir='ltr'>recte</span> <span class='ocrx_word' id='word_1_392' title='bbox 845 3246 991 3301; x_wconf 91' lang='lat' dir='ltr'>atque</span> <span class='ocrx_word' id='word_1_393' title='bbox 1030 3237 1205 3284; x_wconf 91' lang='lat' dir='ltr'>ordine</span> <span class='ocrx_word' id='word_1_394' title='bbox 1244 3239 1513 3303; x_wconf 90' lang='lat' dir='ltr'>acquisitas</span> <span class='ocrx_word' id='word_1_395' title='bbox 1552 3255 1660 3285; x_wconf 93' lang='lat' dir='ltr'>esse</span> <span class='ocrx_word' id='word_1_396' title='bbox 1697 3256 1801 3285; x_wconf 89' lang='lat' dir='ltr'>non</span> <span class='ocrx_word' id='word_1_397' title='bbox 1841 3239 2256 3286; x_wconf 86' lang='lat' dir='ltr'>existimaverint.</span> <span class='ocrx_word' id='word_1_398' title='bbox 2336 3235 2465 3283; x_wconf 90' lang='lat' dir='ltr'>Sane</span> <span class='ocrx_word' id='word_1_399' title='bbox 2503 3234 2682 3283; x_wconf 89' lang='lat' dir='ltr'>ridicu·</span> 
     </span>
     <span class='ocr_line' id='line_1_37' title="bbox 133 3321 2681 3390; baseline -0 -20"><span class='ocrx_word' id='word_1_400' title='bbox 133 3323 237 3370; x_wconf 90' lang='lat' dir='ltr'>lum</span> <span class='ocrx_word' id='word_1_401' title='bbox 275 3340 435 3387; x_wconf 91' lang='lat' dir='ltr'>paene</span> <span class='ocrx_word' id='word_1_402' title='bbox 474 3323 663 3385; x_wconf 91' lang='lat' dir='ltr'>fuisset,</span> <span class='ocrx_word' id='word_1_403' title='bbox 704 3325 744 3374; x_wconf 93' lang='lat' dir='ltr'>si</span> <span class='ocrx_word' id='word_1_404' title='bbox 779 3343 860 3374; x_wconf 86' lang='lat' dir='ltr'>res</span> <span class='ocrx_word' id='word_1_405' title='bbox 896 3342 989 3373; x_wconf 90' lang='lat' dir='ltr'>nec</span> <span class='ocrx_word' id='word_1_406' title='bbox 1025 3324 1256 3389; x_wconf 89' lang='lat' dir='ltr'>mancipi,</span> <span class='ocrx_word' id='word_1_407' title='bbox 1294 3324 1391 3374; x_wconf 87' lang='lat' dir='ltr'>illis</span> <span class='ocrx_word' id='word_1_408' title='bbox 1427 3325 1739 3390; x_wconf 90' lang='lat' dir='ltr'>temporibus</span> <span class='ocrx_word' id='word_1_409' title='bbox 1779 3343 1957 3376; x_wconf 90' lang='lat' dir='ltr'>omnes</span> <span class='ocrx_word' id='word_1_410' title='bbox 1994 3328 2099 3376; x_wconf 88' lang='lat' dir='ltr'>fere</span> <span class='ocrx_word' id='word_1_411' title='bbox 2138 3326 2369 3374; x_wconf 88' lang='lat' dir='ltr'>minimae</span> <span class='ocrx_word' id='word_1_412' title='bbox 2410 3330 2458 3370; x_wconf 91' lang='lat' dir='ltr'>et</span> <span class='ocrx_word' id='word_1_413' title='bbox 2490 3321 2681 3370; x_wconf 89' lang='lat' dir='ltr'>levissi-</span> 
     </span>
     <span class='ocr_line' id='line_1_38' title="bbox 134 3395 1676 3475; baseline 0.003 -21"><span class='ocrx_word' id='word_1_414' title='bbox 134 3424 262 3468; x_wconf 87' lang='lat' dir='ltr'>mae,</span> <span class='ocrx_word' id='word_1_415' title='bbox 302 3409 353 3455; x_wconf 91' lang='lat' dir='ltr'>in</span> <span class='ocrx_word' id='word_1_416' title='bbox 384 3410 496 3472; x_wconf 73' lang='lat' dir='ltr'>Jure</span> <span class='ocrx_word' id='word_1_417' title='bbox 537 3410 662 3471; x_wconf 92' lang='lat' dir='ltr'>cedi,</span> <span class='ocrx_word' id='word_1_418' title='bbox 701 3428 729 3458; x_wconf 90' lang='lat' dir='ltr'>a</span> <span class='ocrx_word' id='word_1_419' title='bbox 764 3420 997 3475; x_wconf 88' lang='lat' dir='ltr'>praetore</span> <span class='ocrx_word' id='word_1_420' title='bbox 1038 3395 1199 3458; x_wconf 84' lang='lat' dir='ltr'>addici</span> <span class='ocrx_word' id='word_1_421' title='bbox 1238 3413 1413 3459; x_wconf 88' lang='lat' dir='ltr'>solitae</span> <span class='ocrx_word' id='word_1_422' title='bbox 1451 3413 1676 3460; x_wconf 87' lang='lat' dir='ltr'>fuissent.</span> 
     </span>
    </p>
   </div>
   <div class='ocr_carea' id='block_1_3' title="bbox 135 3542 2681 3655">
    <p class='ocr_par' dir='ltr' id='par_1_4' title="bbox 135 3542 2681 3655">
     <span class='ocr_line' id='line_1_39' title="bbox 336 3542 2681 3594; baseline 0 -17"><span class='ocrx_word' id='word_1_423' title='bbox 336 3542 570 3590; x_wconf 74' lang='lat' dir='ltr'>³⁰)1hert&#39;n9,</span> <span class='ocrx_word' id='word_1_424' title='bbox 613 3547 717 3580; x_wconf 80' lang='lat' dir='ltr'>Geist</span> <span class='ocrx_word' id='word_1_425' title='bbox 741 3549 801 3581; x_wconf 80' lang='lat' dir='ltr'>des</span> <span class='ocrx_word' id='word_1_426' title='bbox 828 3552 914 3581; x_wconf 78' lang='lat' dir='ltr'>ro&#39;m.</span> <span class='ocrx_word' id='word_1_427' title='bbox 947 3549 1072 3582; x_wconf 80' lang='lat' dir='ltr'>Rechts</span> <span class='ocrx_word' id='word_1_428' title='bbox 1112 3559 1143 3591; x_wconf 82' lang='lat' dir='ltr'>p.</span> <span class='ocrx_word' id='word_1_429' title='bbox 1173 3546 1254 3582; x_wconf 76' lang='lat'>214.</span> <span class='ocrx_word' id='word_1_430' title='bbox 1321 3550 1516 3590; x_wconf 85' lang='lat' dir='ltr'>lheringius</span> <span class='ocrx_word' id='word_1_431' title='bbox 1544 3551 1762 3594; x_wconf 82' lang='lat' dir='ltr'>suspicatur,</span> <span class='ocrx_word' id='word_1_432' title='bbox 1804 3552 1846 3585; x_wconf 90' lang='lat' dir='ltr'>de</span> <span class='ocrx_word' id='word_1_433' title='bbox 1879 3552 1941 3593; x_wconf 86' lang='lat' dir='ltr'>iis,</span> <span class='ocrx_word' id='word_1_434' title='bbox 1984 3558 2071 3591; x_wconf 86' lang='lat' dir='ltr'>quae</span> <span class='ocrx_word' id='word_1_435' title='bbox 2103 3550 2179 3588; x_wconf 82' lang='lat' dir='ltr'>J&#39;ure</span> <span class='ocrx_word' id='word_1_436' title='bbox 2218 3547 2306 3579; x_wconf 71' lang='lat' dir='ltr'>civili</span> <span class='ocrx_word' id='word_1_437' title='bbox 2342 3550 2441 3587; x_wconf 85' lang='lat' dir='ltr'>septa</span> <span class='ocrx_word' id='word_1_438' title='bbox 2475 3550 2509 3578; x_wconf 84' lang='lat' dir='ltr'>et</span> <span class='ocrx_word' id='word_1_439' title='bbox 2534 3546 2634 3587; x_wconf 83' lang='lat' dir='ltr'>quasi</span> <span class='ocrx_word' id='word_1_440' title='bbox 2662 3554 2681 3578; x_wconf 85' lang='lat' dir='ltr'>a</span> 
     </span>
     <span class='ocr_line' id='line_1_40' title="bbox 135 3605 2610 3655; baseline -0 -15"><span class='ocrx_word' id='word_1_441' title='bbox 135 3608 262 3651; x_wconf 85' lang='lat' dir='ltr'>populo</span> <span class='ocrx_word' id='word_1_442' title='bbox 291 3607 494 3641; x_wconf 77' lang='lat' dir='ltr'>confirmata</span> <span class='ocrx_word' id='word_1_443' title='bbox 522 3613 654 3653; x_wconf 83' lang='lat' dir='ltr'>essent,</span> <span class='ocrx_word' id='word_1_444' title='bbox 683 3611 919 3644; x_wconf 77' lang='lat' dir='ltr'>centumviros</span> <span class='ocrx_word' id='word_1_445' title='bbox 943 3611 1132 3652; x_wconf 85' lang='lat' dir='ltr'>judicasse.</span> <span class='ocrx_word' id='word_1_446' title='bbox 1185 3611 1284 3653; x_wconf 82' lang='lat' dir='ltr'>Quae</span> <span class='ocrx_word' id='word_1_447' title='bbox 1311 3611 1485 3644; x_wconf 85' lang='lat' dir='ltr'>sententia</span> <span class='ocrx_word' id='word_1_448' title='bbox 1512 3621 1581 3645; x_wconf 91' lang='lat' dir='ltr'>non</span> <span class='ocrx_word' id='word_1_449' title='bbox 1610 3621 1734 3655; x_wconf 85' lang='lat' dir='ltr'>parum</span> <span class='ocrx_word' id='word_1_450' title='bbox 1763 3617 1980 3648; x_wconf 82' lang='lat' dir='ltr'>sustentatur</span> <span class='ocrx_word' id='word_1_451' title='bbox 2007 3612 2079 3644; x_wconf 84' lang='lat' dir='ltr'>loco</span> <span class='ocrx_word' id='word_1_452' title='bbox 2107 3609 2196 3651; x_wconf 82' lang='lat' dir='ltr'>apud</span> <span class='ocrx_word' id='word_1_453' title='bbox 2225 3607 2294 3640; x_wconf 88' lang='lat' dir='ltr'>Cic.</span> <span class='ocrx_word' id='word_1_454' title='bbox 2324 3608 2366 3640; x_wconf 87' lang='lat' dir='ltr'>de</span> <span class='ocrx_word' id='word_1_455' title='bbox 2394 3612 2468 3640; x_wconf 83' lang='lat' dir='ltr'>orat</span> <span class='ocrx_word' id='word_1_456' title='bbox 2496 3609 2521 3640; x_wconf 89' lang='lat'>1.</span> <span class='ocrx_word' id='word_1_457' title='bbox 2550 3605 2610 3639; x_wconf 73' lang='lat'>33.</span> 
     </span>
    </p>
   </div>
  </div>
 </body>
</html>
