3461 4168
1889 93 1918 141 6

595 248 776 298 statim
813 247 1168 307 conficeretur,
1207 264 1296 296 aes
1322 247 1571 313 pecuniae
1600 247 1712 297 vice
1732 246 1951 313 fungens
1972 245 2166 309 abesse,
2189 263 2297 295 non
2334 255 2554 311 poterat,
2590 247 2683 296 sed
2720 248 2954 314 pluribus
2988 247 3194 299 casibus

598 336 735 385 libra
770 350 972 400 quoque
1009 335 1304 383 necessario
1342 334 1634 383 accedebat.
1691 333 1818 383 Inde
1855 349 2175 400 consequens
2212 341 2337 396 erat,
2374 341 2431 383 ut
2466 334 2658 400 emptio
2679 335 2925 399 venditio,
2961 336 3107 404 cujus
3137 335 3193 385 in

600 422 821 488 pecunia
857 422 1027 471 omnis
1063 421 1142 471 vis
1181 428 1232 470 et
1267 427 1496 485 potestas
1534 427 1626 481 est,
1664 436 1752 470 aes
1790 428 1841 470 et
1875 420 2059 471 libram
2094 420 2392 488 postularet,
2442 420 2486 469 si
2520 419 2634 485 ipsa
2668 437 2928 472 consensu
2963 423 3194 489 perfecta

598 514 774 573 partes
810 507 1033 573 pretium
1069 505 1443 571 repraesentari
1479 503 1822 555 intenderent.
1911 505 2069 572 Atqui
2123 523 2253 573 quae
2305 505 2401 557 fuit
2451 511 2686 555 veterum
2732 503 3086 558 Romanorum
3138 507 3193 558 in

596 592 821 659 negotiis
859 591 1225 643 contrahendis
1263 608 1464 641 summa
1501 597 1553 641 et
1588 590 1733 656 quasi
1768 607 1979 641 morosa
2014 592 2266 658 quaedam
2302 591 2471 642 cautio
2510 590 3015 659 circumspectioque,
3051 611 3191 644 men-

595 680 736 730 tibus
773 681 966 731 nostris
1004 680 1280 743 anticipare
1316 695 1608 743 possumne,
1647 695 1737 728 eos
1774 679 2159 730 consentientes
2196 679 2260 730 de
2297 696 2354 730 re
2394 677 2611 729 emenda
2647 670 3022 745 vendendaque
3051 698 3191 731 cura-

595 767 751 829 visse,
798 776 856 817 ut
891 786 974 817 res
1013 774 1183 831 empta
1220 765 1455 830 emptori,
1510 764 1770 814 venditori
1804 765 2026 830 pretium
2064 766 2236 815 statim
2290 765 2593 817 traderetur.
2681 762 2833 814 Patet
2884 785 3040 831 porro
3094 786 3191 817 nec

596 864 806 904 mutuae
845 856 1092 922 pecuniae
1131 854 1394 901 dationem
1432 854 1541 901 sine
1580 871 1698 902 aere
1736 861 1787 902 et
1820 854 1968 902 libra
1990 854 2124 902 bene
2160 855 2389 919 potuisse
2425 852 2719 920 procedere.
2808 852 2884 900 Ea
2935 873 3059 904 vero
3104 873 3189 904 ne·

596 942 753 1007 gotia,
793 958 923 1007 quae
960 957 1055 989 nec
1093 940 1360 1005 requirunt
1394 957 1492 988 nec
1528 940 1785 1005 recipiunt
1818 941 2104 1005 pecuniam,
2140 956 2237 988 nec
2278 956 2366 988 aes
2404 947 2456 988 et
2489 939 2672 987 libram
2708 939 3051 1002 requirebant.
3123 941 3189 991 Et

597 1044 753 1093 quum
792 1033 1006 1093 argento
1046 1026 1249 1093 signato
1286 1026 1505 1092 pecunia
1541 1043 1758 1075 numero
1797 1034 2058 1075 constaret
2094 1025 2313 1091 ideoque
2352 1024 2788 1086 adnumeraretur,
2836 1040 2932 1072 nec
2972 1027 3189 1094 ampfloe

595 1129 710 1162 eam
767 1111 1061 1179 appendere
1117 1113 1370 1174 attineret,
1426 1112 1715 1161 necessaria
1772 1128 1883 1161 esse
1922 1128 2009 1162 aes
2047 1119 2098 1161 et
2130 1113 2262 1161 libra
2302 1112 2409 1178 jam
2458 1112 2598 1160 omni
2635 1126 2700 1159 ex
2736 1117 2879 1176 parte
2917 1109 3187 1162 desierant.

592 1197 943 1248 Nihilominus
980 1198 1132 1247 etiam
1170 1198 1386 1262 posthac
1423 1196 1585 1246 multa
1620 1214 1713 1262 per
1753 1214 1840 1247 aes
1879 1205 1929 1246 et
1963 1197 2147 1247 libram
2184 1197 2322 1247 facta
2357 1212 2469 1246 esse
2513 1176 2983 1246 animadvertimus:
3056 1196 3188 1247 Nam

593 1294 957 1351 praeterquam
995 1282 1135 1349 quod
1172 1283 1327 1333 etiam
1363 1281 1479 1349 Gaj‘i
1515 1284 1837 1350 temporibus
1876 1282 2180 1350 quibusdam
2216 1283 2268 1332 in
2318 1282 2486 1332 causis
2536 1282 2878 1348 obligationes
2933 1282 3187 1333 solutione

594 1389 688 1439 per
723 1389 811 1421 aes
850 1380 901 1421 et
935 1370 1120 1420 libram
1157 1370 1487 1431 tollebantur,
1524 1371 1586 1420 iis
1624 1371 1866 1420 adhibitis
1904 1370 2340 1436 mancipationum
2376 1369 2755 1436 peragebantur
2784 1369 3031 1431 solennia,
3069 1386 3186 1436 qua-

597 1476 714 1508 rum
751 1459 805 1507 in
835 1460 951 1524 jure
989 1456 1225 1507 Romano
1263 1475 1387 1507 usus
1424 1458 1519 1507 fuit
1555 1458 1996 1522 frequentissimus
2035 1465 2085 1506 et
2119 1456 2294 1523 magni
2329 1457 2591 1507 momenti.
2679 1457 2756 1505 Ac
2803 1472 2897 1523 per
2930 1458 3188 1522 mancipa-

595 1546 792 1596 tionem
828 1544 1024 1593 fiebant
1061 1542 1381 1609 quarundam
1417 1560 1586 1593 rerum
1623 1543 1931 1609 permutatio
1971 1551 2022 1592 et
2058 1542 2268 1593 donatio
2306 1550 2358 1592 et
2393 1542 2528 1592 dotis
2565 1542 2877 1604 constitutio,
2915 1542 3097 1608 quibus
3132 1543 3186 1592 in

593 1632 819 1700 negotiis
857 1631 1076 1699 pecunia
1110 1648 1216 1680 non
1253 1630 1628 1680 interveniente
1666 1647 1783 1680 aere
1822 1637 1873 1679 et
1908 1629 2039 1678 libra
2075 1630 2217 1679 nullo
2253 1637 2487 1698 tempore
2526 1645 2654 1697 opus
2708 1629 2865 1678 fuisse
2924 1629 3046 1679 satis
3101 1646 3184 1697 ap-

594 1725 756 1785 paret.
847 1716 1091 1766 Similiter
1145 1734 1199 1766 se
1255 1734 1339 1768 res
1392 1718 1619 1766 habebat
1672 1718 1726 1766 in
1783 1716 2081 1766 earundem·
2109 1732 2281 1765 rerum
2329 1732 2360 1764 a
2394 1715 2621 1781 pristinis
2658 1716 2879 1765 dominis
2917 1716 2982 1764 ad
3017 1732 3184 1765 novos

594 1803 844 1858 faciendis
880 1802 1305 1855 translationibus
1343 1819 1409 1854 ex
1446 1819 1601 1854 causa
1635 1802 1998 1855 transactionis
2018 1802 2103 1854 vel
2122 1801 2407 1870 solutioniS,
2446 1816 2574 1867 quae
2601 1799 2780 1852 eadem
2807 1801 3184 1867 mancipatione

593 1890 805 1942 fiebant.

815 1978 958 2028 Haec
995 1977 1266 2039 sufficiant,
1305 1994 1459 2042 quare
1499 1977 1825 2043 intelligatur,
1875 1994 1991 2026 aere
2032 1984 2083 2026 et
2117 1976 2248 2025 libra
2282 1974 2546 2026 Romanos
2584 1976 2736 2025 etiam
2773 1985 2976 2041 praeter
3012 1994 3188 2026 neces·

593 2065 803 2115 sitatem
841 2064 894 2114 in
930 2063 1152 2130 negotiis
1188 2062 1429 2130 gerendis
1465 2081 1588 2113 usos
1624 2064 1797 2124 fuisse,
1852 2063 2060 2128 verique
2109 2062 2273 2113 simile
2320 2062 2403 2112 vel
2450 2062 2557 2112 fere
2595 2070 2792 2112 certum
2827 2060 3069 2124 redditur,
3125 2082 3186 2113 ea

596 2155 867 2203 solennem
905 2152 1164 2218 quandam
1199 2152 1289 2213 rei,
1328 2168 1457 2217 quae
1496 2159 1748 2218 ageretur,
1785 2152 2003 2199 forma-m
2039 2151 2350 2216 praebuisse.
2409 2148 2476 2199 Et
2512 2150 2684 2200 multis
2719 2151 2874 2200 rebus
2903 2151 3183 2217 apparebit,

592 2239 733 2288 illam
772 2238 1050 2288 dictionem
1086 2237 1296 2303 proprio
1335 2237 1558 2303 quodam
1596 2254 1751 2287 sensu
1787 2245 2046 2302 receptam
2082 2236 2255 2298 fuisse,
2308 2252 2414 2285 non
2453 2236 2735 2302 generatim
2772 2235 2834 2285 de
2874 2237 3013 2286 omni
3051 2238 3183 2287 aeris

595 2326 704 2377 sive
759 2324 1009 2392 pecuniae
1065 2340 1247 2374 aereae
1301 2324 1552 2389 pensione
1609 2324 1864 2373 usitatam.
1952 2322 2325 2372 Verumtamen
2378 2322 2589 2372 dubium
2639 2322 2745 2373 fere
2792 2323 2956 2373 videri
2993 2324 3184 2390 nequit,

597 2411 720 2477 quin
758 2410 986 2462 solennis
1021 2410 1157 2460 illius
1193 2409 1390 2460 formae
1429 2407 1752 2460 adhibendae
1789 2407 2148 2460 consuetudini
2198 2425 2312 2459 cum
2350 2408 2512 2459 veteri
2542 2408 2788 2474 pecuniae
2817 2425 2908 2475 per
2941 2409 3186 2461 trutinam

596 2495 974 2564 appendendae
1010 2514 1108 2547 usu
1145 2494 1436 2562 conjunctio
1477 2503 1527 2547 et
1565 2495 1709 2562 quasi
1747 2494 1985 2563 cognatio
2024 2493 2275 2561 quaedam
2312 2493 2671 2563 intercesserit.

1837 2708 1949 2774 §a

816 2841 1026 2905 Eorum,
1076 2859 1207 2907 quae
1244 2859 1335 2908 per
1372 2859 1458 2892 aes
1496 2850 1546 2892 et
1581 2841 1765 2892 libram
1802 2841 2012 2904 fiebant,
2068 2842 2212 2908 origo
2253 2849 2304 2892 et
2338 2850 2523 2891 natura
2559 2840 2816 2906 explicatu
2872 2847 2923 2889 et
2977 2837 3185 2906 cognitu

596 2929 835 2978 difficiles
891 2936 1023 2978 sunt.
1129 2926 1335 2977 Etenim
1393 2946 1452 2977 eo
1506 2937 1766 2994 tempore,
1822 2946 1922 2993 quo
1980 2937 2030 2977 et
2075 2928 2363 2993 antiquitati
2410 2936 2460 2977 et
2509 2927 2638 2993 juris
2676 2927 2920 2977 scientiae.
2975 2941 3184 2990 operam

597 3032 840 3082 magnam
876 3012 1099 3064 Romani
1136 3013 1258 3064 dare
1297 3023 1599 3080 coeperunt,
1653 3022 1801 3064 vetus
1852 3014 2056 3063 illorum
2095 3031 2256 3079 eaque
2292 3013 2507 3080 insignis
2563 3014 2775 3079 species,
2831 3030 2930 3078 qua
2984 3011 3185 3062 sublata

596 3103 736 3168 plebi
771 3101 1040 3152 Romanae
1076 3100 1252 3151 Livius
1290 3099 1465 3167 (VIII,
1505 3103 1591 3167 28)
1628 3102 1785 3151 refert
1822 3101 1963 3151 velut
2000 3100 2138 3150 aliud
2174 3101 2373 3150 initium
2409 3100 2661 3150 libertatis
2698 3099 2889 3149 factum
2928 3115 3055 3160 esse,
3096 3097 3183 3147 du-

597 3189 722 3238 dum
757 3190 810 3237 in
849 3189 1112 3238 oblivione
1159 3188 1370 3252 jacebat
1407 3206 1617 3252 eamque
1657 3189 1723 3238 ob
1780 3205 1987 3237 causam
2040 3187 2204 3237 rarius
2261 3195 2312 3236 et
2367 3187 2533 3236 obiter
2584 3194 2784 3235 tantum
2840 3203 2869 3235 a
2921 3184 3182 3236 veteribus

597 3284 1046 3338 commemoratur,
1085 3293 1254 3341 neque
1293 3292 1471 3324 eorum
1509 3275 1728 3340 quidem,
1766 3293 1896 3340 quae
1935 3274 2087 3324 etiam
2126 3271 2240 3340 Gaji
2276 3282 2509 3340 tempore
2548 3267 2974 3338 frequentissimo
2998 3271 3049 3320 in
3086 3289 3182 3321 usu

596 3371 758 3425 erant,
798 3381 1003 3412 causam
1040 3380 1321 3429 veramque
1359 3370 1593 3411 naturam
1632 3371 1845 3413 externa
1881 3363 1955 3411 rei
1993 3362 2160 3428 specie
2197 3362 2359 3410 rel'ata
2395 3361 2448 3409 in
2485 3360 2560 3422 iis,
2599 3371 2729 3426 quae
2768 3359 2832 3409 ad
2860 3377 2956 3409 nos
2987 3360 3183 3425 perlata

597 3460 728 3511 sunt,
772 3452 1105 3514 explicarunt.
1194 3450 1473 3502 Praeterea
1509 3469 1764 3516 perpauca
1800 3453 1851 3498 in
1889 3460 2123 3498 veterum
2161 3449 2361 3513 scriptis
2400 3449 2635 3496 universe
2674 3448 2737 3496 de
2774 3448 2857 3506 iis,
2914 3466 3042 3510 quae
3090 3465 3181 3510 per

592 3555 682 3585 aes
715 3547 764 3586 et
790 3540 975 3586 libram
1006 3541 1304 3604 agebantur,
1343 3539 1603 3604 disputata
1628 3540 1880 3604 leguntur,
1920 3555 2049 3604 quae
2079 3539 2331 3602 leguntur,
2369 3553 2547 3601 parum
2580 3538 2712 3584 inter
2731 3553 2785 3583 se
2808 3535 3179 3583 convenientia.
