3461 4168
1882 116 1944 161 14

715 212 755 243 ο.
1804 186 1853 189 „ff
1932 186 2125 190 -Η

701 249 708 263 ⁹
829 266 976 315 Multi
1012 282 1183 315 rerum
1219 268 1444 332 mancipi
1480 282 1748 315 numerum
1786 266 1908 314 olim
1944 267 2193 331 majorem
2228 267 2387 315 fuisse
2425 269 2736 331 existimant,
2780 287 2874 318 nec
2905 269 3201 330 defuerunt,

611 354 699 420 qui
736 369 891 419 quum
928 369 1231 419 persuasum
1281 353 1377 403 sibi
1434 351 1710 414 haberent,
1765 352 1909 402 initio
1964 351 2100 419 apud
2135 351 2399 404 Romanos
2453 354 2565 404 sola
2616 354 2892 405 traditione
2945 356 3201 406 nullarum

611 458 784 491 rerum
821 440 1052 491 dominia
1087 441 1273 491 mutari
1313 438 1555 506 potuisse,
1614 439 1706 490 sed
1759 440 1932 506 utique
1973 457 2101 507 opus
2148 439 2304 490 fuisse
2340 446 2459 490 actu
2495 439 2646 504 civili,
2700 441 2843 491 velut
2877 443 3199 509 mancipione

612 538 702 579 aut
738 530 789 579 in
819 530 936 594 jure
975 530 1224 589 cessione,
1271 545 1449 576 omnes
1489 543 1587 588 res,
1645 544 1775 591 quae
1814 527 2019 594 quidem
2054 526 2383 578 traditionem
2417 527 2720 593 reciperent,
2774 529 2997 595 mancipi
3043 530 3200 581 fuisse

612 615 965 666 defenderent.
992 616 1075 682 ll)
1147 613 1536 680 PropositioniS,
1574 630 1674 679 qua
1709 614 2034 680 potissimum
2070 615 2323 678 nituntur,
2360 614 2638 681 antiquitus
2677 614 2959 666 dominium
2984 616 3083 667 nisi
3113 625 3202 668 aut

610 720 702 768 per
741 711 913 752 actum
951 703 1153 752 civilem
1190 709 1276 750 aut
1313 701 1626 766 usucapione
1665 701 1942 751 accedente
1981 703 2174 768 acquiri
2209 721 2315 753 non
2350 703 2593 769 potuisse,
2630 711 2688 753 ut
2714 704 2950 769 probatio
2979 703 3200 754 difficilis

612 798 705 851 est,
744 791 816 839 ita
853 790 1075 838 difficilis
1112 789 1365 837 refutatio.
1437 789 1773 853 Argumenta,
1824 788 2009 852 quibus
2045 789 2296 840 adductus
2334 791 2387 839 in
2424 790 2577 839 rebus
2613 807 2708 838 nec
2744 791 2981 856 mancipi,
3034 798 3093 839 ut
3127 791 3199 839 in·

610 876 1005 959 feriore-aetate
1043 882 1209 940 atque,
1248 876 1379 924 sicut
1413 875 1631 936 videtur,
1687 874 1897 922 omnino
1937 872 2198 925 Ciceronis
2235 884 2482 942 tempore,
2518 877 2589 925 ita
2616 876 2725 941 jam
2761 877 3010 942 principio
3046 876 3199 925 tradi-

608 963 805 1012 tionem
861 980 926 1012 ex
975 963 1115 1028 justa
1169 979 1324 1011 causa
1379 962 1640 1012 suffecisse
1694 970 1819 1026 puto
1871 960 1936 1010 ad
1984 960 2268 1012 dominium
2323 962 2749 1025 transferendum,
2805 963 2938 1012 infra
2974 963 3198 1013 afferam.

611 1047 758 1097 Hanc
796 1066 964 1097 meam
1003 1048 1300 1114 opinionem
1339 1048 1425 1113 qui
1461 1048 1778 1113 comprobat,
1815 1064 1922 1096 non
1958 1046 2106 1096 facile
2147 1047 2189 1096 is
2227 1046 2292 1095 ad
2328 1048 2468 1098 illam
2506 1049 2826 1110 sententiam,
2870 1049 2991 1097 olim
3027 1065 3200 1099 rerum

614 1136 840 1201 mancipi
878 1154 1042 1201 genus
1078 1136 1240 1185 multo
1277 1136 1430 1184 latius
1466 1135 1706 1200 patuisse,
1745 1133 1967 1183 accedet.
2023 1132 2167 1183 Duae
2207 1134 2340 1183 enim
2379 1152 2462 1185 res
2499 1153 2670 1185 rerum
2707 1135 2926 1201 mancipi
2962 1136 3200 1201 propriae

616 1232 777 1284 erant,
834 1224 1016 1288 quibus
1054 1240 1085 1270 a
1120 1241 1214 1271 nec
1251 1223 1472 1288 mancipi
1509 1223 1663 1270 rebus
1702 1221 2023 1282 differebant,
2078 1239 2196 1282 una,
2252 1221 2389 1285 quod
2443 1230 2581 1270 recte
2634 1241 2742 1271 non
2790 1223 3198 1288 acquirebantur,

607 1309 707 1357 nisi
743 1311 945 1358 actione
986 1310 1136 1371 civili,
1174 1310 1317 1359 velut
1352 1308 1745 1374 mancipatione,
1802 1309 1853 1355 in
1884 1308 1998 1373 jure
2038 1308 2286 1369 cessione,
2342 1307 2734 1374 adjudicatione,
2793 1327 2892 1374 qua
2929 1309 3198 1359 deficiente

610 1398 856 1462 usucapio
897 1397 1164 1445 accederet
1200 1413 1411 1445 necesse
1451 1404 1573 1455 erat,
1632 1395 1806 1456 altera,
1862 1394 1999 1458 quod
2038 1395 2176 1443 solae
2215 1412 2306 1460 per
2341 1396 2774 1461 mancipationem
2810 1397 3074 1446 transferri
3110 1413 3198 1462 po-

606 1491 792 1545 terant,
819 1501 948 1547 quae
969 1483 1020 1531 in
1043 1483 1224 1532 ceteris
1244 1482 1437 1531 nullam
1458 1482 1562 1531 vim
1583 1481 1820 1530 habebat.
1866 1479 1997 1530 Nam
2019 1479 2175 1546 Gajus
2197 1469 2278 1546 (III
2302 1482 2389 1546 29)
2402 1482 2519 1546 jura
2538 1481 2864 1546 praediorum
2885 1483 3199 1532 urbanorum

608 1571 660 1618 in
685 1571 799 1635 jure
820 1578 1020 1618 tantum
1043 1569 1154 1617 cedi
1176 1587 1327 1633 posse
1350 1568 1432 1628 ait,
1453 1568 1760 1617 rusticorum
1780 1585 1904 1616 vero
1927 1568 2079 1616 etiam
2099 1568 2392 1632 mancipari.
2449 1566 2645 1627 Quibus
2677 1576 2850 1633 aperte
2869 1577 3025 1634 negat
3045 1568 3198 1618 servi-

610 1666 747 1706 tutes
781 1657 1109 1722 praediorum
1141 1656 1455 1703 urbanorum
1485 1664 1540 1703 ut
1568 1673 1650 1703 res
1681 1672 1776 1702 nec
1804 1655 2026 1720 mancipi
2045 1654 2323 1719 mancipari
2344 1673 2509 1719 posse.
2563 1653 2676 1704 Hoc
2696 1663 2869 1705 tamen
2890 1655 3199 1720 exemplum,

609 1762 765 1809 quum
796 1744 1071 1792 servitutes
1101 1760 1182 1791 res
1216 1743 1318 1791 sint
1347 1742 1713 1806 incorporales,
1742 1742 1907 1789 solum
1938 1742 2060 1790 satis
2091 1759 2196 1790 non
2231 1750 2320 1790 est.
2377 1740 2478 1790 Sed
2510 1743 2770 1792 sufficiens
2790 1743 2940 1809 hujus
2960 1744 3034 1792 rei
3054 1760 3198 1809 argu-

606 1838 840 1879 mentum
873 1830 1086 1895 praebet
1116 1837 1225 1877 tum
1245 1827 1495 1894 Ulpianus
1516 1827 1713 1893 (XIX),
1753 1828 1854 1892 qui,
1891 1836 1945 1876 ut
1976 1827 2305 1878 traditionem
2327 1829 2586 1894 propriam
2624 1846 2793 1878 rerum
2830 1847 2925 1879 nec
2961 1830 3198 1895 mancipi,

610 1919 684 1967 ita
719 1917 1153 1982 mancipationem
1189 1916 1450 1981 propriam
1489 1916 1712 1980 appellat
1751 1916 1973 1980 speciem
2012 1916 2333 1964 alienationis
2372 1933 2542 1964 rerum
2579 1917 2823 1981 mancipi,
2869 1934 2974 1965 non
3013 1924 3198 1978 autem,

611 2013 669 2054 ut
705 2005 757 2052 in
790 2005 904 2068 jure
943 2004 1246 2063 cessionem,
1284 2002 1667 2066 usucapionem,
1707 2001 2153 2065 adjudicationem,
2191 2002 2358 2067 legem
2398 2031 2459 2038 —
2499 2002 2561 2050 de
2603 2003 2787 2067 quibus
2826 2004 3064 2052 omnibus
3100 2004 3199 2052 hoc

607 2090 917 2141 nominatim
955 2089 1078 2139 dicit
1132 2118 1197 2125 —-
1253 2106 1579 2138 communem
1629 2097 1680 2137 et
1714 2106 1886 2136 rerum
1923 2088 2145 2153 mancipi
2183 2097 2232 2137 et
2268 2106 2363 2137 nec
2401 2089 2623 2155 mancipi
2659 2090 3036 2151 alienationem,
3088 2099 3200 2139 tum

610 2177 791 2228 Cicero
830 2178 881 2227 in
919 2176 1045 2243 Top.
1085 2193 1125 2225 c.
1169 2179 1248 2238 10,
1287 2177 1374 2241 qui
1412 2175 1572 2241 Finge
1611 2176 1866 2240 mancipio
1904 2176 2126 2240 aliquem
2163 2175 2381 2237 dedisse,
2429 2176 2608 2241 inquit,
2662 2176 2715 2225 id
2769 2176 2909 2243 quod
2944 2178 3198 2244 mancipio

612 2264 723 2312 dari
760 2282 867 2312 non
906 2272 1091 2329 potest.
1164 2262 1299 2311 Num
1338 2263 1389 2310 id
1428 2264 1536 2327 ejus
1574 2264 1765 2311 factum
1803 2270 1894 2323 est,
1952 2263 2039 2326 qui
2079 2263 2313 2327 accepit?
2369 2272 2455 2311 aut
2507 2280 2631 2311 num
2685 2264 2743 2324 is,
2799 2264 2885 2328 qui
2921 2263 3075 2325 dedit,
3131 2265 3198 2313 ob

610 2369 726 2400 eam
763 2368 872 2400 rem
912 2368 966 2400 se
1005 2351 1110 2400 ulla
1146 2367 1201 2399 re
1240 2350 1530 2415 obligavit?
1621 2348 1763 2408 Quae
1813 2350 1973 2398 verba
2008 2349 2255 2398 Boethius
2293 2348 2358 2398 ad
2404 2349 2451 2397 h.
2488 2349 2518 2397 1.
2556 2357 2694 2399 recte
2732 2350 3093 2416 interpretatur
3127 2352 3199 2400 lo-

612 2438 825 2503 quentia
860 2437 924 2486 de
962 2438 1118 2486 rebus
1154 2453 1250 2486 nec
1287 2437 1510 2501 mancipi
1560 2436 1877 2500 mancipatis.
1968 2435 2106 2495 Quas
2156 2437 2222 2486 ob
2271 2453 2465 2497 causas,
2522 2438 2608 2501 qui
2643 2454 2725 2486 res
2764 2437 2898 2502 apud
2930 2438 3045 2503 jure
3082 2455 3200 2487 con·

608 2525 772 2574 sultos
810 2523 1055 2572 classicos
1092 2539 1187 2571 nec
1224 2523 1447 2587 mancipi
1484 2530 1697 2570 vocatas
1734 2522 1842 2587 jam
1892 2522 2013 2571 olim
2052 2523 2163 2571 sola
2198 2522 2474 2572 traditione
2529 2523 2603 2588 (si
2641 2523 2846 2588 quidem
2885 2540 2974 2572 eae
3013 2532 3201 2587 essent,

607 2627 738 2675 quae
787 2609 1119 2659 admitterent
1165 2608 1530 2673 traditionem)
1587 2608 1798 2657 alienari
1855 2610 2147 2674 acquirique
2202 2609 2430 2675 potuisse
2487 2610 2760 2672 existimat,
2819 2610 3026 2660 easdem
3078 2617 3201 2661 tunc

608 2696 832 2761 mancipi
870 2696 1027 2745 fuisse
1064 2713 1171 2744 non
1210 2695 1555 2755 arbitrabitur,
1593 2702 1868 2759 propterea
1905 2695 2043 2759 quod
2080 2712 2182 2743 una
2217 2712 2300 2744 res
2338 2712 2507 2744 rerum
2548 2697 2769 2762 mancipi
2799 2697 3020 2762 propria,
3061 2696 3202 2762 quod

611 2781 812 2829 actione
852 2782 987 2829 civili
1024 2780 1413 2830 transferendae
1454 2788 1612 2840 erant,
1652 2780 1951 2829 omnimodo
1991 2781 2041 2828 in
2080 2782 2140 2829 iis
2180 2780 2513 2842 desideratur,
2551 2799 2645 2830 nec
2683 2782 2890 2830 alterius
2928 2782 3056 2830 ratio
3086 2799 3199 2847 pro-

608 2867 796 2917 babilis
832 2868 980 2916 reddi
1015 2876 1201 2933 potest,
1240 2868 1483 2934 quoniam
1522 2868 1737 2933 intelligi
1772 2868 1966 2932 nequit,
2024 2875 2352 2933 quapropter,
2409 2885 2539 2933 quae
2579 2876 2730 2917 antea
2767 2868 3038 2934 potuerint,
3093 2886 3199 2918 non

609 2963 786 3004 tamen
825 2954 1110 3026 debuerint,
1146 2955 1402 3021 posterius
1441 2972 1505 3004 ne
1543 2956 1807 3021 potuerint
1846 2954 2054 3020 quidem
2090 2955 2384 3020 mancipari.
2475 2954 2578 3005 Sed
2633 2955 2785 3005 etiam
2843 2955 2885 3004 si
2940 2956 3053 3020 quis
3107 2956 3200 3006 has

607 3059 691 3092 res
730 3041 1015 3108 antiquitus
1054 3059 1158 3090 non
1215 3043 1442 3107 potuisse
1498 3042 1772 3091 traditione
1829 3042 2055 3107 legitime
2111 3043 2395 3107 comparari
2450 3042 2709 3104 defendat,
2764 3050 2972 3091 censeat
3025 3051 3198 3092 tamen

609 3129 817 3179 easdem
856 3129 1082 3194 mancipi
1118 3129 1289 3190 fuisse,
1326 3130 1538 3178 forsitan
1577 3147 1757 3179 causas
1793 3129 2089 3195 probabiles
2125 3130 2167 3178 is
2204 3130 2385 3179 afferre
2422 3130 2626 3196 poterit,
2665 3146 2754 3179 cur
2778 3131 3053 3179 necessarii
3084 3148 3196 3181 esse

607 3217 920 3282 mancipatio
960 3216 1222 3281 ceterique
1261 3223 1403 3265 actus
1440 3217 1614 3266 civiles
1662 3216 1908 3266 desierint
1960 3244 2027 3252 —-
2080 3233 2185 3265 non
2239 3233 2471 3283 repugno
2529 3236 2625 3265 -ε
2681 3216 3016 3281 quamobrem
3071 3235 3195 3269 vero

609 3311 794 3367 postea
828 3320 894 3352 ne
932 3302 1197 3368 potuerint
1251 3301 1457 3367 quidem
1511 3303 1889 3384 mancipatipne
1945 3303 2224 3368 transferri,
2283 3303 2335 3353 id
2384 3303 2725 3368 explicatione
2775 3303 2939 3353 adhuc
2987 3304 3195 3371 indiget,

610 3406 768 3455 quum
807 3408 871 3438 ex
909 3390 1216 3440 necessitate
1254 3388 1578 3454 mancipandi
1609 3390 1824 3439 remissa
1853 3406 2176 3455 nequaquam
2199 3398 2514 3455 sequeretur,
2553 3397 2609 3439 ut
2638 3389 2745 3455 jam
2764 3391 3195 3457 mancipationem

607 3496 714 3527 non
754 3479 1054 3543 reciperent,
1114 3496 1270 3544 quum
1328 3477 1630 3542 pracsertim
1690 3478 1741 3524 in
1790 3477 1904 3542 jure
1961 3477 2123 3526 cessio
2164 3478 2314 3525 etiam
2355 3477 2405 3525 in
2444 3476 2598 3525 rebus
2636 3494 2729 3525 nec
2766 3479 2986 3545 mancipi
3023 3480 3194 3529 locum

818 3588 862 3633 ¹¹)
889 3590 1227 3635 Ballhorn-Rosen,
1255 3591 1344 3625 iiber
1371 3591 1582 3625 dominium.
1613 3600 1645 3633 p.
1673 3587 1722 3625 83
1750 3598 1849 3633 seqq.
