3461 4168
1446 127 1510 176 53

191 292 321 340 tanta
342 313 351 319 v·
396 283 563 352 Apud
615 283 855 350 antiquos
901 283 1052 346 enim,
1105 290 1164 333 ut
1195 298 1495 358 persuasum
1530 283 1656 332 mihi
1690 283 1884 347 habeo,¹
1928 300 2030 351 qua
2066 299 2131 333 ex
2166 300 2318 333 causa
2362 283 2754 350 manciparetur,

193 373 324 424 nihil
351 369 581 438 prorsus<
596 367 873 421 referebat.

200 563 201 566 Ἴ
406 488 567 560 Idem,
606 495 744 564 quod
780 494 842 546 de
883 482 1197 558 auctoritate,
1252 494 1314 545 de
1354 495 1534 545 ceteris
1571 494 1966 562 obligationibus
2003 514 2067 547 ex
2103 495 2477 562 mancipatione
2511 482 2752 562 profectis

194 583 520 633 statuendum
557 582 648 646 est,
703 591 853 649 atque
879 583 1021 647 ideo,
1076 583 1160 651 qui
1197 599 1372 650 agrum
1418 583 1471 631 in
1517 583 1741 631 solutum
1794 581 2033 646 dederat,
2088 585 2130 633 si
2184 583 2247 632 de
2302 583 2455 632 modo
2511 584 2752 633 mentitus

197 681 347 737 esset,
383 673 436 722 in
473 671 684 739 duplum
720 669 1131 722 conveniebatur.
1179 653 1278 720 “In
1332 670 1566 721 omnibus
1620 678 1790 721 autem
1838 670 1917 720 his
1973 673 2136 723 causis
2173 672 2524 722 aestimatione
2566 672 2749 739 judicis

195 780 324 830 opus
362 767 484 824 erat,
522 751 677 826 quum
714 766 956 826 quantum
994 758 1230 827 simplum
1267 766 1414 823 esset,
1449 758 1679 810 nondum
1715 766 1988 822 constaret,
2027 759 2166 823 sicut,
2212 760 2254 811 si
2290 778 2396 810 non
2433 777 2648 826 semper,
2701 767 2752 810 at

194 849 346 916 saepe
384 848 437 897 in
471 846 930 914 mancipationibus
967 844 1275 897 venditionis
1312 864 1464 897 causa
1499 846 1658 897 factis.

408 974 699 1026 Huschkius
722 975 806 1038 67)
855 980 1011 1039 negat
1056 980 1258 1039 praeter
1304 971 1623 1023 venditorem
1664 973 1917 1039 mancipio
1956 972 2161 1022 dantem
2198 991 2499 1039 quemquam
2540 991 2605 1023 ex
2640 973 2751 1039 ipso

195 1062 449 1129 mancipio
486 1061 803 1120 infitiationis
836 1059 1044 1110 nomine
1082 1060 1362 1111 obnoxium
1398 1060 1588 1109 factum
1626 1078 1750 1123 esse,
1798 1061 2018 1126 ideoque
2058 1079 2184 1126 opus
2220 1062 2372 1111 fuisse
2411 1062 2751 1127 stipulatione.

195 1149 336 1210 Quae
374 1158 454 1199 est
487 1147 736 1199 Huschkii
781 1147 1032 1196 sententia
1085 1147 1147 1197 de
1200 1166 1337 1197 nexo
1390 1146 1490 1197 nisi
1544 1149 1758 1212 pecunia
1810 1148 1930 1197 data
1980 1167 2086 1197 non
2140 1149 2508 1210 constituendo,
2560 1149 2750 1197 idcirco

192 1255 404 1288 necesse
442 1244 520 1286 est
554 1242 709 1302 neget
745 1252 810 1284 ex
848 1235 957 1284 aliis
993 1236 1159 1285 causis
1204 1234 1457 1300 mancipio
1496 1234 1700 1284 dantem
1735 1253 1871 1285 nexo
1909 1236 2127 1303 obligari
2158 1237 2406 1301 potuisse.
2500 1235 2602 1286 Sed
2654 1253 2749 1285 nec

192 1332 317 1390 puto
356 1323 692 1389 obligationes
727 1322 840 1372 illas
875 1339 995 1371 vere
1030 1339 1181 1384 nexa,
1234 1322 1264 1370 i.
1303 1338 1344 1371 e.
1388 1320 1636 1387 ejusmodi
1686 1322 2020 1388 obligationes
2064 1324 2245 1382 fuisse,
2301 1341 2426 1388 quae
2472 1316 2748 1389 antiquitus

193 1410 433 1462 creditori
461 1410 545 1476 jus
582 1408 762 1459 darent
799 1408 1020 1459 debitori
1055 1409 1164 1458 sine
1206 1409 1311 1458 ullo
1351 1407 1544 1474 judicio
1589 1425 1794 1458 manum
1829 1399 2049 1476 injicere,
2104 1417 2377 1476 propterea
2412 1410 2547 1476 quod
2582 1411 2635 1459 in
2669 1411 2750 1460 his

193 1499 368 1565 utique
404 1497 784 1548 damnationem
819 1498 1038 1563 requiro,
1092 1515 1243 1562 quam
1290 1497 1342 1546 in
1386 1497 1641 1562 mancipio
1687 1499 2062 1563 pronuntiatam
2120 1516 2247 1561 esse,
2300 1516 2394 1547 nec
2447 1499 2749 1548 testimoniis

193 1587 402 1654 probari
435 1593 607 1651 potest
641 1602 735 1633 nec
770 1584 1263 1634 verisimilitudinem
1297 1585 1468 1633 habet.
1555 1583 1660 1633 Nec
1710 1586 1772 1634 lis
1816 1586 2081 1635 infitiando
2129 1587 2183 1635 in
2229 1586 2439 1652 duplum
2476 1586 2750 1648 crescebat,

194 1674 326 1723 sicut
359 1674 412 1721 in
447 1672 749 1732 actionibus,
805 1688 933 1736 quae
970 1671 1310 1720 damnationis
1347 1687 1554 1719 causam
1599 1670 1869 1735 habebant,
1925 1673 2015 1722 sed
2059 1673 2122 1722 ab
2166 1673 2312 1721 initio
2361 1672 2655 1722 omnimodo
2692 1674 2750 1734 is,

195 1762 282 1826 qui
316 1761 368 1809 in
405 1758 660 1823 mancipio
698 1757 867 1806 dando
903 1758 1145 1807 mentitus
1182 1766 1305 1820 erat,
1360 1775 1489 1822 quae
1524 1759 1697 1826 lingua
1729 1768 2060 1825 nuncuparat,
2116 1761 2167 1809 in
2213 1760 2421 1826 duplum
2464 1761 2747 1809 tenebatur.

194 1846 328 1897 Sane
373 1846 551 1897 Cicero
576 1847 659 1912 ⁸⁸)
712 1845 766 1893 in
814 1845 968 1893 rebus
1015 1845 1234 1911 mancipi
1280 1846 1571 1912 repetendis
1619 1864 1732 1896 eum
1778 1847 1900 1896 dicit
1943 1848 2222 1913 periculum
2262 1847 2439 1914 judicii
2484 1850 2749 1910 sustinere,

195 1935 280 2000 qui
319 1951 372 1983 se
410 1950 548 1985 nexu
586 1932 835 1999 obligarit.
906 1931 1114 1995 Verum,
1160 1940 1217 1981 ut
1258 1933 1363 1999 jam
1411 1949 1476 1981 ex
1518 1933 1632 1982 loco
1676 1933 1924 1983 Varronis
1969 1933 1994 2001 ξ
2035 1936 2062 1983 2
2118 1934 2335 1984 adducto
2392 1935 2632 2000 sequitur,
2686 1952 2748 1984 eo

193 2029 424 2087 tempore
480 2020 686 2086 quidam
739 2019 909 2068 omnia
953 2036 1044 2085 per
1091 2036 1176 2069 aes
1223 2027 1274 2068 et
1316 2020 1500 2069 libram
1546 2029 1701 2087 gesta,
1755 2022 1807 2070 in
1849 2022 1910 2071 iis
1959 2022 2130 2071 omnia
2172 2022 2424 2087 mancipia
2470 2022 2619 2071 nexis
2666 2021 2750 2070 ad-

193 2108 545 2159 numerabant.
634 2105 756 2156 Ideo
809 2106 972 2172 ipsam
1007 2107 1434 2173 mancipationem
1470 2116 1703 2174 respectu
1738 2109 1992 2174 mancipio
2031 2108 2229 2171 dantis,
2285 2109 2400 2175 qui,
2456 2110 2497 2158 si
2536 2117 2624 2158 aut
2667 2126 2750 2158 res

195 2197 361 2246 evicta
405 2204 490 2245 aut
524 2196 634 2262 ipse
666 2195 719 2243 in
755 2195 1131 2260 nuncupatione
1169 2195 1358 2260 aliquid
1406 2197 1644 2246 mentitus
1682 2205 1830 2259 esset,
1886 2197 2026 2263 dupli
2068 2215 2287 2263 poenam
2333 2197 2556 2259 subibat,
2610 2214 2749 2245 nexu

193 2285 524 2335 traditionem
559 2283 897 2350 appellabant.
922 2282 1006 2350 ⁶⁹)

407 2408 489 2460 Ex
523 2408 981 2476 mancipationibus
1015 2408 1292 2459 liberorum
1339 2409 1557 2475 capitum
1602 2426 1666 2460 ne
1713 2410 1955 2477 obligatio
2016 2409 2219 2475 quidem
2272 2409 2375 2460 ulla
2427 2409 2748 2472 nascebatur,

192 2503 466 2564 propterea
504 2495 643 2563 quod
677 2496 896 2563 partium
933 2495 1059 2546 nihil
1093 2496 1350 2560 intererat,
1405 2496 1543 2563 quod
1586 2514 1676 2563 per
1724 2497 2127 2548 aestimationem
2163 2495 2227 2547 ad
2271 2497 2541 2563 pecuniam
2585 2496 2750 2563 redigi

191 2592 383 2650 posset.
455 2580 605 2643 Quod
642 2581 847 2649 quidem
884 2583 1076 2632 nullam
1109 2583 1267 2633 habet
1301 2583 1683 2647 dubitationem,
1729 2585 1965 2651 quotiens
2002 2583 2126 2632 dicis
2165 2584 2329 2651 gratia
2362 2584 2571 2647 fiebant,
2619 2585 2750 2634 sicut

195 2672 249 2722 in
286 2672 708 2739 coemptionibuS,
743 2672 797 2721 in
831 2672 1053 2721 filiorum
1087 2673 1545 2740 mancipationibus
1582 2673 2016 2739 frequentissimis,
2054 2689 2184 2739 qnae
2215 2689 2276 2722 eo
2303 2673 2499 2723 fiebant
2518 2674 2748 2737 consilio,

192 2766 250 2811 ut
284 2775 408 2810 mox
443 2759 743 2810 manumissi
775 2758 1064 2810 libertatem
1102 2769 1548 2826 consequerentur.
1627 2759 1759 2821 Quid
1803 2776 1926 2811 vero
1973 2759 2299 2811 statuendum
2349 2768 2427 2812 est
2462 2759 2525 2811 de
2561 2760 2748 2811 manci-

192 2846 400 2912 patione
438 2863 503 2895 ex
539 2845 715 2895 noxali
751 2862 905 2894 causa
939 2846 1087 2908 facta,
1144 2865 1298 2913 quum
1345 2849 1596 2914 mancipio
1642 2847 1930 2913 accipientis
1965 2846 2098 2909 ideo,
2154 2847 2295 2913 quod
2332 2865 2398 2897 ex
2435 2848 2603 2913 operis
2637 2847 2746 2895 filii-

192 2934 410 2982 familias
445 2934 697 3000 mancipio
737 2932 841 2980 dati
877 2933 974 2980 sibi
1029 2928 1333 3000 acquireret,
1386 2937 1575 2984 utilitas
1610 2943 1889 2984 verteretur
1906 2935 1929 2982 ⁴?
1999 2934 2178 2984 Talem
2228 2953 2359 2999 eum,
2413 2936 2576 3002 qualis
2624 2943 2743 2996 erat,

192 3019 252 3081 is,
306 3022 387 3069 cui
420 3022 648 3070 nocitum
685 3028 806 3082 erat,
860 3020 1088 3087 accipere
1126 3022 1363 3085 debebat,
1409 3029 1554 3090 pater
1598 3030 1764 3071 autem
1812 3039 1977 3070 noxae
2015 3022 2222 3071 datione
2260 3040 2414 3089 quum
2451 3021 2741 3071 omnimodo

191 3106 509 3169 liberaretur,
546 3124 639 3156 nec
677 3107 741 3157 ad
778 3106 1138 3174 praestandum
1175 3108 1363 3174 aliquid
1400 3110 1732 3177 obligabatur.
1813 3107 1945 3158 Sane
1984 3109 2122 3173 olim,
2178 3126 2332 3176 quum
2369 3125 2518 3160 verae
2570 3106 2741 3156 vendi-

193 3194 348 3245 tionis
386 3210 539 3245 causa
572 3195 882 3247 filiifamilias
918 3213 948 3245 a
981 3195 1209 3262 patribus
1245 3197 1668 3264 manciparentur,
1722 3196 1950 3247 similiter
1987 3204 2138 3264 atque
2174 3198 2227 3248 in
2264 3198 2421 3249 servis
2457 3195 2742 3262 mancipan-

195 3280 273 3333 dis
310 3281 553 3349 obligatio
592 3283 712 3334 oriri
746 3290 959 3349 poterat.

394 3437 442 3484 ‘')
466 3443 579 3476 neom
602 3444 663 3476 dee
687 3443 830 3477 Nexum
854 3454 889 3485 p.
917 3440 979 3477 46.

396 3504 444 3553 ⁸⁸)
470 3508 542 3545 Cic.
571 3511 634 3546 dro
659 3510 752 3547 Mur.
780 3520 810 3546 c.
838 3508 873 3546 2.

396 3572 444 3620 ⁶⁹)
471 3576 541 3612 Cic.
570 3578 656 3622 Top.
685 3576 720 3613 5.
771 3578 997 3614 Abalienatio
1024 3583 1079 3613 cst
1104 3579 1180 3621 ejus
1207 3580 1269 3624 rei,
1298 3587 1387 3621 quae
1414 3579 1565 3622 mancipi
1593 3582 1660 3623 est,
1701 3582 1762 3613 aut
1795 3580 1935 3615 traditio
1968 3580 2066 3615 alteri
2099 3588 2186 3614 nexu
2218 3582 2278 3612 aut
2308 3578 2343 3612 in
2373 3578 2452 3619 jure
2485 3578 2609 3622 cessio,
2647 3578 2740 3612 inter

195 3645 286 3681 quos
313 3646 353 3673 ea
376 3638 454 3681 jure
482 3638 572 3673 civili
599 3639 675 3674 fieri
701 3644 862 3683 possunt.
915 3641 1040 3675 Boeth.
1069 3641 1112 3676 nd
1138 3641 1170 3676 h.
1200 3640 1222 3675 Ι.
