3461 4168
1924 128 1989 176 38

1869 376 1898 445 ς
1940 380 2015 427 15.

874 520 1146 589 Superest,
1196 531 1253 574 ut
1289 521 1351 572 de
1400 523 1777 588 nuncupatione
1818 522 2155 590 dispiciamus.
2220 522 2362 583 Quae
2398 522 2450 573 in
2486 522 2740 589 mancipio
2777 522 3010 573 faciendo
3048 525 3222 592 lingua

654 620 1019 677 nuncupasset,
1056 620 1168 659 rata
1205 629 1314 660 esse
1345 611 1568 677 jusserat
1601 610 1687 656 lex
1722 608 1833 659 XII.
1870 611 2172 659 tabularum.
2261 610 2624 661 Verumtamen
2676 629 2783 660 non
2828 629 3037 677 prorsus
3083 613 3222 678 quid-

653 698 778 765 quid
812 698 1024 761 libebat,
1071 696 1414 765 nuncupando
1452 695 1601 761 adjici
1636 704 1852 762 poterat,
1890 706 1946 747 ut
1975 699 2061 765 jus
2099 706 2363 766 ratumque
2401 706 2545 750 esset.
2626 697 2853 748 Primum
2901 698 3035 748 enim
3072 715 3220 766 opor-

654 787 814 851 tebat,
855 802 984 853 quae
1022 790 1450 851 nuncuparentur,
1487 798 1590 831 non
1628 797 1857 848 pugnare
1896 799 2011 833 cum
2048 785 2159 850 ipso
2190 786 2459 854 mancipiO,
2495 784 2922 853 quemadmodum
2945 792 3223 853 pugnasset

659 874 770 925 dies
809 873 1098 923 conditiove
1136 869 1345 934 adjecta.
1432 867 1631 917 Deinde
1678 869 1825 934 plura
1859 870 2169 935 prohibebat
2203 873 2406 938 publica
2442 871 2689 941 quaedam
2724 872 2871 934 rati0,
2925 873 3065 922 velut
3101 889 3222 939 quo-

654 962 823 1013 minus
876 976 1013 1010 novo
1069 957 1276 1006 domino
1333 955 1589 1005 alienandi
1624 963 1852 1022 potestas
1889 956 2197 1007 adimeretur
2242 961 2428 1027 jusque
2484 962 2592 1028 ejus
2648 961 2746 1010 alio
2799 959 2954 1010 modo
3008 960 3222 1012 nimium

654 1049 1061 1113 restringeretur,
1117 1061 1272 1110 quum
1309 1060 1373 1092 ex
1411 1043 1582 1093 indole
1626 1044 1754 1109 juris
1791 1042 2024 1106 Romani,
2079 1046 2267 1096 veteris
2302 1049 2618 1114 praesertim,
2670 1048 2791 1099 talia
2824 1055 2973 1115 pacta
3010 1047 3222 1098 dominii

651 1142 864 1186 naturae
902 1132 1195 1182 adversaria
1229 1131 1417 1183 nullius
1452 1131 1699 1182 momenti
1739 1139 1922 1180 essent.
2013 1130 2151 1192 Quas
2203 1132 2344 1198 leges
2397 1136 2680 1186 contractui
2725 1135 2822 1185 dici
2865 1135 3075 1197 licebat,
3131 1152 3221 1184 eae

653 1230 764 1273 tum
800 1220 1054 1287 mancipio
1093 1219 1277 1281 dantis,
1331 1227 1439 1269 tum
1476 1218 1769 1285 accipientis
1805 1219 1968 1285 gratia
2003 1218 2426 1287 adjungebantur,
2482 1222 2775 1287 accipientis
2813 1222 3032 1290 exempli
3068 1240 3222 1272 causa

650 1310 865 1365 fundum
904 1309 1154 1376 optimum
1189 1308 1567 1373 maximumque
1608 1326 1734 1369 esse,
1790 1325 1995 1357 servum
2034 1326 2149 1356 cum
2185 1308 2384 1375 peculio
2424 1309 2616 1372 venire,
2670 1311 2820 1373 viam,
2875 1320 3057 1374 actum,
3110 1311 3220 1373 iter,

652 1397 1027 1464 aquaeductum
1064 1397 1364 1464 praestitum
1400 1396 1474 1457 iri,
1526 1396 1780 1462 mancipio
1836 1395 2003 1445 dantis
2059 1396 2217 1445 veluti
2263 1396 2477 1445 fundum
2524 1398 2803 1463 mancipari
2851 1398 3069 1449 deducto
3106 1415 3220 1448 usu-

649 1485 834 1546 fructu,
872 1491 1079 1551 recepta
1115 1484 1373 1545 servitute,
1427 1482 1655 1532 detracto
1692 1483 1807 1532 loco
1846 1483 2115 1548 sepulchri,
2170 1483 2255 1532 vel
2309 1483 2435 1533 haec
2488 1483 2574 1532 lex
2626 1483 2950 1546 venditionis,
3006 1485 3048 1535 si
3101 1484 3221 1550 quid

651 1572 783 1627 sacri
818 1572 902 1621 vel
937 1571 1162 1638 religiosi
1198 1571 1281 1620 vel
1315 1569 1503 1637 publici
1540 1577 1689 1630 esset,
1729 1570 1836 1635 ejus
1874 1570 2000 1619 nihil
2038 1570 2271 1620 veniisse.
2326 1568 2385 1619 In
2422 1570 2515 1632 his,
2554 1590 2678 1636 quas
2708 1572 2984 1634 nominavi,
3022 1573 3221 1639 legibus

652 1667 741 1712 aut
775 1659 860 1726 jus
898 1658 1105 1725 aliquod
1141 1658 1194 1707 in
1228 1657 1601 1724 mancipatione
1639 1656 1988 1707 deducebatur
2026 1657 2255 1725 emptori,
2310 1665 2397 1707 aut
2434 1658 2650 1723 amplius
2679 1659 2765 1724 jus
2802 1659 3081 1724 meliusque
3136 1659 3220 1708 de-

650 1746 939 1802 finiebatur.
1027 1746 1145 1795 Alia
1191 1762 1314 1795 vero
1360 1745 1786 1811 nuncupabantur
1840 1762 1918 1806 eo,
1975 1753 2043 1807 ut,
2099 1745 2184 1811 qui
2238 1745 2490 1811 mancipio
2546 1746 2840 1812 accipiebat,
2895 1746 3220 1813 obligationis

649 1834 857 1885 vinculo
897 1834 1313 1900 obstringeretur.
1391 1831 1586 1883 Harum
1633 1833 1803 1899 legum
1852 1840 1901 1881 et
1948 1833 2356 1898 frequentissima
2404 1841 2454 1882 et
2508 1834 2807 1900 gravissima
2858 1834 3045 1883 fiducia
3098 1842 3220 1896 erat,

652 1937 754 1988 qua
791 1919 856 1970 ad
891 1918 1343 1988 remancipandam
1379 1936 1486 1968 rem
1523 1919 1620 1969 sibi
1656 1919 1997 1984 mancipatam
2036 1919 2367 1986 obligabatur.
2442 1918 2664 1982 Fiducia,
2700 1928 2757 1971 ut
2793 1919 3220 1978 Christiansenius

653 2007 707 2057 in
729 2007 854 2064 hist.
886 2008 985 2074 jur.
1023 2024 1071 2073 p.
1112 2008 1208 2056 158
1247 2023 1381 2071 seqq.
1419 2005 1750 2068 demonstrat,
1807 2007 1961 2056 variis
2001 2023 2065 2055 ex
2119 2006 2282 2056 causis
2335 2006 2446 2056 fieri
2501 2015 2704 2072 poterat
2756 2017 2806 2058 et
2857 2008 3028 2070 fiebat,
3081 1988 3223 2060 velut

655 2095 800 2161 quasi
836 2095 1065 2161 pignoris
1096 2094 1210 2159 jure
1249 2111 1363 2143 cum
1400 2093 1650 2145 creditore
1691 2095 2038 2160 promittente,
2077 2094 2117 2142 si
2145 2093 2360 2159 pecunia
2379 2093 2550 2142 debita
2574 2095 2834 2160 persoluta
2852 2104 3000 2158 esset,
3038 2113 3220 2144 serem

652 2183 910 2248 mancipio
949 2200 1093 2231 suam
1130 2183 1316 2232 factam
1370 2183 1733 2250 remancipare,
1788 2183 1871 2231 vel
1924 2199 1984 2231 eo
2040 2182 2266 2242 consiliO,
2322 2189 2378 2229 ut
2422 2182 2580 2230 tutius
2627 2199 2709 2231 res
2756 2182 2909 2233 domo
2946 2183 3222 2249 profecturi

652 2270 830 2321 aliisve
868 2270 1021 2323 rebus
1059 2268 1290 2337 impediti
1327 2269 1546 2320 hominis
1582 2269 1717 2337 apud
1753 2270 1973 2320 amicum
2011 2277 2160 2331 esset,
2212 2269 2294 2319 vel
2332 2286 2409 2331 ec,
2464 2278 2519 2319 ut
2574 2270 2826 2337 mancipio
2876 2271 3128 2337 accipiens
3164 2287 3219 2322 re

649 2358 942 2424 mancipata
977 2357 1043 2407 ad
1080 2366 1275 2408 certum
1310 2366 1512 2424 tempus
1550 2366 1751 2408 certave
1787 2358 1839 2407 in
1885 2374 1941 2407 re
1990 2365 2227 2419 uteretur,
2283 2358 2388 2407 sive
2444 2356 2600 2424 gratis
2651 2332 2761 2407 five
2813 2357 3048 2408 mercede
3102 2376 3218 2408 con·

652 2447 842 2501 stituta.
926 2444 1088 2499 Multa
1140 2446 1297 2512 igitur
1348 2445 1555 2513 negotia
1600 2445 1697 2495 hoc
1740 2444 1896 2495 modo
1943 2461 2034 2511 per
2071 2460 2156 2495 aes
2196 2452 2245 2495 et
2279 2444 2462 2494 libram
2498 2444 2673 2511 peragi
2724 2444 2924 2508 licebat,
2979 2444 3220 2511 quoniam

654 2533 893 2586 effectum
930 2533 973 2584 si
1011 2533 1298 2600 quaerimus
1334 2532 1522 2584 fiducia
1559 2541 1820 2584 contracta
1854 2533 2071 2600 pignora
2107 2532 2500 2593 constituebant,
2538 2531 2877 2598 deponebant,
2932 2532 3221 2583 commoda-

653 2620 795 2682 bant,
832 2621 1085 2671 locabant.
1158 2618 1445 2687 Oportebat
1480 2638 1605 2670 vero
1642 2638 1766 2682 rem,
1803 2638 1904 2685 qua
1940 2619 2002 2669 de
2041 2628 2290 2687 ageretur,
2337 2619 2586 2686 ejusmodi
2623 2637 2750 2681 esse,
2802 2638 2930 2685 quae
2965 2620 3218 2685 mancipa-

651 2697 847 2760 tionem
883 2707 1145 2773 reciperet.
1234 2705 1429 2768 Quodsi
1467 2725 1550 2757 res
1586 2724 1682 2757 nec
1719 2707 1941 2774 mancipi
1978 2716 2124 2769 esset,
2179 2709 2229 2758 in
2271 2709 2386 2774 jure
2423 2708 2653 2758 cessione
2704 2724 2832 2774 opus
2882 2715 3002 2757 erat.
3088 2703 3220 2757 Nam

654 2811 747 2860 per
802 2812 914 2844 eam
967 2812 1190 2861 quoque,
1245 2813 1400 2860 quum
1452 2794 1778 2856 tantundem,
1834 2802 2079 2859 quantum
2132 2780 2438 2862 mancipatio
2493 2794 2700 2857 valeret,
2752 2793 2939 2845 fiducia
2988 2794 3221 2844 contrahi

652 2889 873 2948 poterat,
911 2899 1069 2947 eaque
1106 2900 1204 2944 res,
1240 2892 1295 2932 ut
1332 2884 1576 2950 suspicor,
1612 2902 1719 2933 non
1755 2901 1936 2950 parum
1968 2883 2117 2948 hujus
2151 2883 2278 2950 legis
2315 2884 2528 2933 aetionis
2564 2901 2712 2933 usum
2748 2882 3011 2943 suadebat,
3065 2900 3219 2947 quum

650 2968 958 3036 praesertim
992 2968 1214 3031 traditio,
1250 2969 1313 3020 de
1351 2990 1449 3036 qua
1484 2971 1569 3020 lex
1604 2969 1715 3020 XII.
1753 2969 2041 3020 tabularum
2080 2989 2183 3019 non
2222 2971 2445 3037 jusserat
2481 2979 2648 3020 ratum
2696 2989 2825 3032 esse,
2873 2967 3008 3034 quod
3046 2968 3219 3036 lingua

651 3068 1016 3127 nuncupasset,
1057 3059 1122 3106 ad
1156 3059 1391 3107 fiduciam
1429 3061 1831 3108 contrahendam
1868 3078 1973 3106 non
2011 3061 2278 3108 sufficeret.
2349 3061 2641 3109 Huschkius
2678 3059 2881 3107 sanein
2912 3059 3217 3126 ephemerid.

645 3150 852 3215 jurispr.
890 3149 1008 3197 hist.
1044 3147 1183 3198 XIV.
1220 3165 1266 3213 p.
1306 3151 1401 3196 243
1458 3150 1672 3197 fiduciae
1729 3165 1884 3197 causa
1937 3149 2141 3213 conjicit
2194 3150 2344 3197 etiam
2398 3166 2481 3197 res
2536 3165 2630 3196 nec
2677 3148 2895 3213 mancipi
2941 3148 3218 3214 mancipari

651 3236 895 3301 potuisse.
986 3234 1089 3285 Sed
1126 3250 1324 3297 vereor,
1379 3252 1443 3284 ne
1498 3237 1729 3286 subtilior
1782 3236 1848 3286 sit
1902 3235 1996 3284 viri
2050 3235 2328 3286 doctissimi
2384 3235 2769 3303 argumentatio,
2857 3233 3007 3295 Quod
3060 3233 3218 3302 Gajus

652 3321 744 3389 (H.
784 3324 869 3388 59)
925 3323 1134 3384 dixerit,
1190 3322 1275 3387 qui
1322 3340 1429 3370 rem
1474 3324 1619 3371 alicui
1666 3324 1881 3373 fiduciae
1929 3341 2081 3373 causa
2116 3324 2367 3389 mancipio
2406 3323 2603 3372 dederit
2638 3322 2720 3370 vel
2767 3323 2817 3371 in
2857 3324 2970 3387 jure
3009 3323 3218 3372 cesserit

652 3408 758 3470 rel„
794 3428 888 3457 nec
927 3409 988 3458 de
1026 3410 1181 3459 rebus
1218 3409 1504 3474 mancipi
1538 3411 1788 3478 mancipio
1827 3410 2006 3461 dandis
2042 3412 2240 3460 locutus
2278 3412 2365 3470 sit,
2422 3411 2518 3458 hoc
2557 3426 2742 3475 magno
2780 3409 3073 3475 adjumento
3111 3429 3216 3460 non

653 3514 766 3547 esse
804 3497 1051 3547 Huschkii
1089 3499 1316 3565 opinioni
1358 3497 1502 3546 duco.

872 3615 966 3674 Qui
1004 3618 1240 3665 fiduciam
1279 3616 1562 3682 accipiebat
1598 3623 1735 3680 (nam
1773 3630 1822 3666 et
1860 3621 1968 3684 ipsa
2006 3637 2086 3666 res
2125 3618 2309 3664 fiducia
2347 3617 2644 3675 dicebatur),
2683 3620 2919 3681 quoniam
2942 3635 3048 3665 rcm
3071 3634 3214 3665 suam
