3461 4168
1870 124 2004 197 Η42

684 283 889 327 servata
928 284 1019 336 est,
1055 274 1277 345 primum
1315 285 1629 343 postremum
1668 277 1975 328 solvebatur.
1999 279 2089 342 ³⁶)
2174 277 2367 326 Verum
2416 278 2516 327 diei
2551 296 2657 327 non
2693 279 2837 342 lieet,
2890 279 3007 329 ideo
3045 296 3137 346 per
3174 296 3260 329 aes

683 372 736 411 et
786 364 969 410 libram
1025 363 1087 409 de
1145 365 1329 412 ceteris
1380 366 1535 413 rebus
1589 366 1738 413 certis
1773 365 2127 412 liberationem
2181 366 2293 413 fieri
2343 382 2449 412 non
2501 366 2761 431 potuisse,
2830 367 2950 432 quia.
3001 367 3054 415 in
3105 366 3259 416 rebus

683 468 779 501 nec
844 452 1107 517 pondere,
1174 469 1269 502 nec
1331 470 1578 515 numero,
1652 470 1745 503 nec
1824 468 2063 501 mensura
2138 454 2489 504 constantibus
2555 455 2775 519 primum
2845 462 3259 520 postremumque

683 555 792 589 non
846 540 1161 603 inveniatur,
1216 540 1306 589 sed
1361 542 1530 606 potius
1587 540 1909 591 statuendum
1965 546 2073 600 est,
2138 540 2189 589 in
2244 541 2463 590 formula
2522 540 2585 590 de
2647 540 2813 606 primo
2882 548 2933 590 et
2996 549 3258 606 postremo

687 626 797 691 agi,
870 634 1146 692 propterea
1208 627 1343 692 quod
1410 628 1474 678 ad
1529 628 1652 677 alias
1707 645 1789 677 res
1850 626 1970 676 nexi
2021 626 2256 675 liberatio
2319 644 2424 677 non
2490 627 2780 692 pertineret.
2894 625 3057 677 Porro
3121 628 3259 693 quod

687 712 1022 763 dubitabatur
1078 715 1139 763 de
1194 714 1372 774 rebus,
1439 732 1566 778 quae
1622 732 1862 764 mensura
1916 714 2264 774 eontinentur,
2331 733 2396 763 an
2450 714 2546 763 hoe
2599 714 2753 764 modo
2808 715 3013 764 liberari
3066 724 3257 780 posset,

690 801 845 867 idque
882 803 1109 868 plerique
1157 802 1436 866 negabant,
1497 802 1729 866 suspicor
1777 803 2083 849 solutionem
2130 818 2222 867 per
2259 818 2345 849 aes
2384 811 2433 850 et
2468 804 2650 851 libram
2684 804 2888 869 proprie
2927 803 2991 851 ad
3029 820 3114 851 eas
3150 811 3257 853 tan-

690 889 958 938 tummodo
996 905 1076 937 res
1114 888 1432 954 pertinuisse,
1471 904 1597 953 quae
1636 888 1880 953 pondere,
1916 905 2129 938 numero
2168 894 2477 952 constarent,
2515 889 2636 940 dum
2666 889 3016 955 jurisconsulti
3052 888 3257 955 quidam

694 976 847 1025 etiam
883 976 933 1024 in
970 975 1121 1024 rebus
1159 990 1399 1024 mensura
1436 975 1831 1025 consistentibus
1869 975 2088 1039 primum
2143 982 2192 1026 et
2238 982 2554 1040 postremum
2604 976 2850 1027 contineri
2894 976 3258 1041 perspicientes

694 1063 747 1111 in
785 1063 861 1110 his
899 1079 1100 1125 quoque
1148 1079 1260 1111 eam
1309 1061 1676 1111 admittendam
1723 1079 1833 1111 esse
1884 1063 2186 1125 putaverint.
2273 1060 2487 1126 Proprie
2534 1081 2658 1113 vero
2708 1072 2757 1113 et
2802 1063 2944 1112 initio
2992 1080 3056 1112 ne
3101 1063 3153 1111 in
3196 1062 3257 1112 iis

693 1147 898 1211 quidem
935 1149 1089 1198 rebus
1130 1149 1383 1209 omnibus,
1422 1167 1547 1212 quae
1586 1148 1877 1213 penduntur
1914 1156 1963 1196 et
1999 1157 2344 1209 numerantur,
2397 1149 2704 1200 solutionem
2742 1169 2832 1216 per
2868 1169 2954 1199 aes
2991 1159 3041 1199 et
3076 1150 3258 1199 libram

689 1236 859 1284 locum
897 1237 1137 1285 habuisse
1180 1237 1575 1285 existimandum
1612 1246 1703 1298 est,
1758 1236 1847 1285 sed
1894 1237 1946 1284 in
1999 1238 2108 1285 sola
2159 1238 2376 1302 pecunia
2430 1238 2537 1287 sive
2593 1239 2928 1304 appendenda
2984 1247 3092 1286 erat
3149 1239 3256 1286 sive

688 1325 1021 1371 numeranda.
1093 1326 1258 1372 Aliter
1296 1327 1427 1373 enim
1466 1326 1679 1389 intelligi
1716 1342 1821 1372 non
1857 1333 2039 1389 potest,
2079 1341 2232 1388 quare
2270 1325 2322 1371 in
2358 1326 2419 1373 iis
2455 1326 2625 1386 rebus,
2664 1343 2792 1390 quas
2815 1327 2983 1374 metiri
3019 1327 3257 1387 solemus,

689 1428 819 1475 quae
860 1428 1061 1477 semper
1098 1412 1202 1460 fere
1242 1429 1356 1461 cum
1393 1412 1488 1460 illis
1527 1412 1828 1477 conjunctae
1874 1411 2194 1476 reperiuntur
2242 1411 2410 1476 iisque.
2452 1419 2814 1477 exaequantur,
2871 1412 3102 1461 adhiberi
3151 1429 3255 1462 non

685 1499 926 1562 potuerit.

910 1584 1003 1634 His
1041 1584 1309 1649 disputatis
1364 1583 1627 1648 probabile
1673 1583 1745 1644 fit,
1802 1584 1922 1633 nexi
1979 1583 2340 1649 obligationem
2396 1585 2648 1634 solutione
2703 1604 2794 1650 per
2843 1604 2928 1634 aes
2976 1595 3025 1633 et
3071 1585 3254 1634 libram

690 1675 797 1723 sive
835 1675 955 1722 nexi
992 1674 1293 1722 liberatione
1331 1674 1441 1721 tolli
1489 1673 1704 1735 solitam,
1756 1675 1977 1739 proprie,
2031 1674 2173 1722 initio
2212 1682 2380 1722 autem
2419 1674 2580 1736 unice,
2636 1674 2880 1740 pecuniae
2918 1674 3088 1735 fuisse,
3146 1673 3252 1722 sive

686 1779 865 1808 aereae
904 1761 1147 1826 pondere,
1203 1762 1309 1807 sive
1360 1769 1628 1827 argenteae
1668 1778 1951 1826 aureaeque
1989 1779 2199 1809 numero
2255 1762 2548 1809 constantis.
2641 1761 2796 1826 Atqui
2851 1761 3090 1826 quamdiu
3145 1761 3253 1808 sola

686 1865 836 1897 aerea
872 1848 1089 1914 pecunia
1123 1848 1400 1896 utebantur
1436 1847 1668 1909 Romani,
1724 1864 1879 1912 quum
1929 1839 2300 1913 appenderetur
2346 1849 2552 1913 ejusque
2600 1849 2653 1896 in
2698 1847 2924 1913 pondere
2962 1848 3038 1896 vis
3077 1855 3126 1896 et
3164 1864 3251 1912 po-

683 1942 842 1984 testas
882 1941 1031 1995 esset,
1087 1951 1341 1998 quumque
1378 1933 1633 1999 peregrini
1669 1934 1864 1983 nummi
1903 1934 2131 1999 argentei
2167 1934 2347 1984 mercis
2383 1934 2500 1984 loco
2547 1933 2871 1994 haberentur,
2928 1932 3249 1983 solummodo

687 2038 789 2081 aes,
826 2028 882 2070 ut
920 2021 1135 2081 videtur,
1192 2021 1516 2086 obligationis
1554 2038 1758 2070 causam
1796 2021 2103 2085 praestabat.
2194 2019 2343 2079 Quod
2397 2020 2727 2069 confirmatur
2778 2020 2948 2069 verbis
3002 2019 3249 2068 formulae

683 2107 1001 2156 liberationis
1039 2108 1394 2172 superstitibus
1432 2108 1593 2168 „hanc
1632 2125 1727 2173 ego
1765 2107 1979 2155 libram
2017 2107 2231 2171 primam
2268 2111 2625 2172 postremam.“
2708 2104 2849 2165 Quae
2885 2106 3045 2155 verba
3091 2106 3250 2155 serius

685 2196 839 2243 etiam
876 2196 927 2243 in
967 2203 1210 2261 argentea
1246 2212 1497 2259 aureaque
1535 2196 1750 2260 pecunia
1787 2194 2037 2243 solvenda
2074 2203 2192 2259 apta
2229 2203 2372 2243 erant
2409 2203 2459 2242 et
2496 2195 2866 2254 convenientia,
2922 2194 3038 2258 quia
3085 2194 3249 2243 omnis

681 2284 899 2347 pecunia
936 2300 1040 2331 non
1078 2282 1233 2330 modo
1273 2282 1336 2330 ad
1373 2283 1528 2331 libras
1567 2283 1696 2331 aeris
1732 2283 1868 2330 facili
1905 2283 2114 2347 negotio
2152 2283 2328 2330 referri
2364 2291 2551 2347 posset,
2600 2282 2689 2330 sed
2727 2282 2878 2329 etiam
2915 2281 3045 2329 aeris
3083 2281 3248 2345 appel—

679 2371 870 2419 latione
910 2369 1445 2435 comprehenderetur.
1472 2371 1555 2434 ³⁷)

901 2457 1049 2516 Quod
1086 2457 1241 2506 modo
1281 2458 1446 2518 statui,
1487 2475 1677 2505 nexum
1714 2459 1797 2506 vel
1833 2458 1957 2505 nexi
1996 2457 2360 2522 obligationem
2395 2457 2639 2521 pecuniae
2679 2457 2784 2504 sive
2823 2456 2952 2504 aeris
2986 2455 3247 2520 obligatio-

681 2562 801 2594 nem
838 2545 1008 2605 fuisse,
1047 2562 1107 2594 ea
1144 2546 1397 2594 sententia
1433 2545 1662 2610 plurimis
1699 2545 1840 2606 locis,
1879 2545 1964 2610 qui
2001 2544 2063 2592 de
2101 2545 2211 2609 ipso
2249 2561 2384 2592 nexo
2423 2551 2593 2609 agunt,
2632 2542 2930 2608 adjuvatur:

821 2631 986 2680 Varro
1043 2632 1105 2680 de
1143 2632 1197 2680 L.
1234 2632 1289 2680 L.
1327 2632 1438 2680 VII.
1481 2635 1593 2684 105.
1681 2632 1848 2693 Liber,
1906 2632 1990 2696 qui
2029 2648 2144 2680 suas
2182 2649 2361 2696 operas
2398 2631 2449 2678 in
2498 2630 2795 2679 servitutem
2841 2646 2934 2694 pro
2981 2627 3251 2693 pecunia.

1039 2719 1257 2785 quadam
1295 2718 1530 2781 debebat,
1570 2719 1690 2768 dum
1729 2721 1966 2780 solveret,
2003 2736 2202 2767 nexus
2238 2726 2463 2780 vocatur,
2501 2726 2557 2767 ut
2593 2718 2657 2766 ab
2695 2733 2811 2766 aere
2850 2716 3134 2766 obaeratus.

825 2807 1002 2855 Festus
1059 2825 1095 2855 s.
1150 2825 1197 2856 v.
1287 2805 1487 2855 Nexum
1543 2825 1627 2856 aes
1683 2808 1817 2873 apud
1874 2808 2109 2872 antiquos
2164 2806 2425 2855 dicebatur
2466 2806 2699 2871 pecunia,
2753 2822 2881 2870 quae
2926 2820 3018 2869 per
3059 2818 3249 2853 nexum

1042 2895 1309 2961 obligatur.

824 2982 896 3031 Id.
936 3000 973 3031 s.
1013 3001 1059 3031 v.
1114 2982 1415 3048 Nuncupata
1449 2984 1664 3049 pecunia
1701 2993 1777 3033 est
1813 2984 2091 3046 nominata,
2130 2991 2280 3045 certa,
2316 2983 2610 3033 nominibus
2645 2980 2864 3047 propriis
2899 2978 3249 3045 pronuntiata:

1044 3070 1210 3129 Quum
1246 3088 1435 3118 nexum
1471 3072 1622 3120 faciet
1658 3072 2084 3137 mancipiumque,
2121 3072 2192 3119 uti
2227 3072 2400 3137 lingua
2435 3068 2781 3134 nuncupassit,
2818 3067 2887 3114 ita
2917 3067 3001 3132 jus
3040 3074 3162 3115 esto.

820 3158 928 3207 Liv.
969 3158 1029 3206 II.
1071 3161 1149 3206 27.
1238 3158 1433 3223 Appius
1482 3178 1631 3224 quam
1680 3160 1956 3226 asperrime
2010 3167 2223 3224 poterat,
2273 3160 2356 3224 jus
2411 3158 2474 3206 de
2530 3155 2734 3205 creditis
2786 3154 3013 3219 pecuniis
3067 3152 3248 3200 dicere.

1039 3246 1297 3309 Deinceps
1336 3256 1385 3293 et
1421 3247 1502 3308 qui
1539 3256 1689 3295 antea
1735 3248 1858 3295 nexi
1905 3248 2126 3306 fuerant,
2183 3246 2519 3294 creditoribus
2571 3243 2924 3303 tradebantur,
2980 3249 3030 3289 et
3083 3248 3247 3288 necte-

1039 3334 1228 3381 bantur
1264 3332 1361 3380 alii.

892 3440 937 3486 ³⁶)
965 3444 1169 3477 Huschkius
1198 3442 1390 3476 formulam
1418 3442 1505 3475 hanc
1532 3444 1772 3487 probabiliter,
1809 3448 1847 3477 ut
1881 3444 1965 3477 mihi
2000 3445 2140 3486 quidem
2170 3444 2317 3486 videtur,
2353 3443 2405 3475 sic
2431 3441 2610 3474 restituit:
2653 3440 2754 3483 Quod
2782 3448 2846 3482 ego
2873 3439 2934 3472 tibi
2962 3441 3012 3471 tot
3037 3437 3182 3471 milibus
3208 3444 3249 3469 eo

686 3506 831 3538 nomine
854 3506 932 3546 jure
960 3507 1039 3539 nexi
1066 3514 1145 3539 sum
1174 3506 1337 3548 damnas,
1366 3505 1463 3536 solvo
1492 3505 1666 3548 liberoque
1694 3507 1758 3539 hoc
1785 3515 1865 3539 aere
1893 3515 2071 3548 aeneaque
2100 3507 2187 3540 libra
2215 3507 2303 3539 hanc
2331 3505 2394 3537 tibi
2423 3504 2547 3537 libram
2572 3505 2719 3546 primam
2746 3507 3031 3546 postremamque
3054 3500 3247 3534 secundum

689 3569 802 3609 legem
830 3568 1019 3609 publicam.

893 3625 938 3671 ³⁷)
964 3629 1002 3661 L.
1034 3626 1104 3661 159
1130 3630 1173 3662 de
1200 3629 1242 3660 V.
1274 3629 1309 3661 S.
1364 3628 1480 3660 Etiam
1510 3637 1632 3663 aureos
1659 3640 1824 3663 nummos
1853 3640 1913 3663 aes
1941 3631 2101 3663 dicimus.
2156 3631 2290 3663 Seneca
2317 3630 2360 3661 de
2387 3627 2504 3660 benef.
2533 3627 2574 3659 V.
2607 3624 2663 3659 14.
