3461 4168
1906 102 2012 177 gem.
2077 175 2082 176 .

618 275 850 320 moveor,
889 266 947 305 ut
983 274 1100 304 cum
1138 256 1296 304 Sellio
1337 261 1405 322 (p.
1431 259 1516 321 19)
1555 273 1754 304 summo
1793 256 1963 303 studio
2002 256 2342 320 omnibusque
2379 257 2575 305 viribus
2613 259 2911 306 enitendum
2947 274 3060 305 esse
3097 274 3210 304 cen·

622 361 779 405 seam,
827 352 884 392 ut
920 344 1319 404 demonstretur,
1373 345 1567 392 nullam
1605 359 1716 391 esse
1770 343 1972 389 illarum
2026 343 2394 391 sententiarum
2431 343 2842 408 discrepantiam,
2897 346 2989 393 sed
3041 345 3213 409 potius

620 447 738 478 cum
774 430 1044 479 Huschkio
1084 430 1370 478 cavendum
1409 446 1520 477 esse
1561 430 1795 491 arbitror,
1842 444 1908 475 ne
1944 427 2039 476 has
2076 427 2402 477 definitiones
2438 436 2686 491 veterum,
2742 432 2828 495 qui
2882 448 2944 480 eo
2990 431 3214 479 vixerint

619 524 872 584 tempore,
932 535 1033 584 quo
1065 517 1470 584 jurisprudentia
1505 517 1714 565 minime
1753 523 1890 565 esset
1926 515 2114 577 adulta,
2170 517 2262 564 sed
2314 532 2494 565 recens
2547 523 2684 578 nata,
2738 518 2898 583 pluris
2951 519 3211 568 faciamus.

621 602 754 652 Nam
809 604 852 653 si
907 604 1079 653 animo
1135 620 1240 652 non
1295 610 1672 668 praeoccupato
1729 603 2097 668 explicationes
2144 602 2259 653 illas
2307 603 2723 669 compararimuS,
2777 620 2883 653 non
2932 605 3213 670 poterimus

622 689 747 753 quin
786 689 995 740 easdem
1032 690 1164 739 inter
1203 705 1257 739 se
1295 705 1581 753 repugnare
1639 688 1883 739 dicamus.
1972 687 2140 739 Etiam
2194 689 2237 739 si
2292 689 2525 741 codicum
2582 689 2885 755 scripturam
2940 692 3213 755 sequimur,

623 777 900 825 dicendum
939 786 1029 836 est,
1068 774 1308 835 Mucium,
1345 774 1582 824 Varrone
1621 775 1955 839 approbante,
2009 795 2147 824 nexa
2183 795 2295 825 esse
2334 777 2689 837 affirmantem,
2744 796 2873 840 quae
2911 796 3003 841 per
3039 797 3126 827 aes
3164 786 3216 827 et

621 866 806 912 libram
842 866 984 925 fiant,
1039 872 1094 911 ut
1138 872 1310 928 partes
1349 864 1656 929 obligentur,
1712 881 1742 910 a
1776 863 1986 911 Manilio
2026 872 2076 911 et
2113 864 2262 911 Aelio
2301 863 2450 913 Gallo
2497 864 2801 929 discrepare,
2857 883 3011 929 quum
3066 866 3213 914 facile

625 952 691 1001 sit
728 951 964 1017 probatu,
1019 951 1228 999 minime
1268 951 1441 1000 omnia
1478 968 1540 1000 eo
1579 951 1793 1000 consilio
1831 951 1967 1000 facta
2004 968 2130 1011 esse,
2184 958 2242 1000 ut
2296 951 2541 1017 obligatio
2580 951 2988 1001 constitueretur.
3079 950 3214 1012 Quin

624 1039 813 1089 scimus
851 1038 987 1087 facta
1026 1054 1155 1100 esse,
1211 1038 1396 1103 quibus
1442 1038 1783 1104 obligationes
1820 1038 2135 1087 tollerentur.
2226 1036 2316 1086 Sin
2370 1054 2494 1088 vero
2551 1047 2638 1089 aut
2672 1037 2921 1089 Huschkii
2976 1046 3064 1088 aut
3100 1037 3214 1088 Nie-

624 1125 796 1174 buhrii
834 1125 1250 1174 emendationem
1287 1126 1583 1189 probamus,
1637 1124 1835 1173 Mucius
1890 1133 2063 1189 aperte
2113 1133 2163 1173 et
2210 1124 2418 1173 definite
2458 1127 2631 1174 omnia
2665 1126 3091 1191 mancipianexo
3132 1125 3215 1174 de·

622 1211 795 1259 trahit.
869 1211 935 1259 Et
971 1212 1078 1275 ipse
1116 1210 1370 1271 Manilius,
1409 1211 1530 1274 quid
1569 1210 1631 1258 de
1670 1227 1806 1258 nexo
1846 1210 2171 1259 statuendum
2211 1211 2290 1271 sit,
2339 1210 2571 1259 dubitare
2608 1212 2826 1273 videtur,
2862 1212 3214 1276 mancipiaque

624 1298 830 1364 proprie
886 1314 992 1346 non
1049 1313 1161 1346 esse
1217 1296 1270 1345 in
1325 1313 1579 1345 nexorum
1616 1313 1831 1345 numero
1869 1304 2064 1362 putare.
2153 1297 2396 1363 Alioquin
2434 1298 2570 1346 enim
2607 1315 2761 1347 causa
2804 1316 2910 1348 non
2963 1299 3072 1360 fuit,
3128 1314 3217 1346 cur

624 1384 931 1434 nominatim
970 1383 1033 1433 de
1070 1383 1337 1449 mancipiis
1377 1383 1583 1444 diceret,
1623 1400 1683 1432 ea
1720 1400 1857 1432 nexa
1895 1400 2022 1432 esse.
2093 1383 2226 1432 Illud
2263 1391 2432 1433 autem
2453 1393 2826 1450 argumentum,
2867 1402 2967 1450 quo
2988 1385 3215 1450 plerique

623 1472 933 1536 interpretes
970 1471 1138 1519 nisum
1175 1478 1358 1535 putant
1394 1469 1684 1518 Varronem
1738 1470 1956 1534 (quippe
2014 1469 2208 1518 homini
2263 1469 2462 1518 erudito
2521 1478 2671 1534 atque
2725 1471 3001 1519 verborum
3056 1487 3215 1535 usque

626 1557 731 1608 vim
769 1557 989 1607 intuenti
1027 1555 1305 1620 arridebat)
1345 1554 1588 1605 in'Mucii
1637 1554 1899 1606 discedere
1940 1555 2262 1617 sententiam,
2300 1572 2492 1605 nexum
2530 1573 2561 1605 a
2596 1573 2690 1605 nec
2728 1574 2821 1606 suo
2860 1555 3050 1607 dictum
3091 1574 3217 1619 esse,

627 1644 1005 1709 perabsurdum
1044 1653 1122 1692 est
1158 1662 1253 1692 nec
1292 1643 1519 1709 dignum,
1567 1644 1704 1708 quod
1740 1643 1900 1692 verbo
1939 1660 2041 1690 uno
2093 1642 2366 1691 refellatur.
2457 1640 2655 1703 Sellius,
2712 1661 2811 1707 quo
2867 1661 2987 1692 suae
3040 1643 3218 1692 funda-

625 1740 858 1779 mentum
896 1739 1103 1795 pararet
1140 1731 1441 1791 sententiae,
1480 1731 1756 1778 verborum
1778 1729 2044 1790 Varronis,
2084 1730 2213 1778 sicut
2250 1730 2404 1777 modo
2435 1730 2643 1777 allatum
2677 1740 2767 1790 est,
2806 1730 3219 1778 emendationem

626 1819 958 1884 excogitavit,
997 1836 1097 1883 qua
1134 1819 1286 1867 simul
1324 1817 1611 1867 Varronem
1653 1827 1704 1867 et
1741 1817 2041 1866 defenderet
2080 1826 2130 1866 et
2176 1827 2431 1883 purgaret.
2521 1817 2595 1866 Ea
2632 1818 2913 1867 mutatione
2962 1819 3219 1883 totiusque

623 1905 728 1954 loci
764 1906 815 1953 in
853 1906 1074 1971 patrium
1113 1922 1405 1954 sermonem
1444 1906 1782 1953 conversione
1821 1905 1919 1964 alii,
1974 1912 2030 1951 ut
2085 1921 2268 1952 censor
2323 1906 2430 1970 ejus
2480 1903 2792 1953 Gloedenius
2829 1906 2879 1952 in
2921 1904 3221 1953 Schneideri

628 1993 797 2041 annal.
836 1994 944 2041 crit.
987 1994 1116 2041 1845
1165 2009 1213 2057 p.
1253 1994 1352 2041 394
1400 2000 1538 2041 recte
1580 1993 1890 2053 observavit,
1946 1992 2251 2042 sententiam
2289 1992 2565 2041 attribuere
2603 2009 2708 2040 non
2747 1992 2960 2053 dubitat,
3016 2009 3115 2057 qua
3150 1992 3221 2040 in·

628 2077 819 2127 sulsior
857 2095 964 2127 non
1001 2078 1150 2127 facile
1205 2079 1478 2140 invenitur,
1534 2096 1662 2142 quae
1713 2096 1778 2127 ne
1829 2079 2042 2143 cogitari
2096 2078 2302 2143 quidem
2350 2085 2534 2143 potest.
2606 2076 2836 2144 Fingitur
2875 2078 3010 2127 enim
3054 2077 3220 2127 Varro

627 2164 865 2213 refellere
905 2183 1038 2224 eum,
1077 2165 1162 2228 qui
1203 2165 1475 2225 existimet,
1530 2183 1723 2213 nexum
1759 2164 1877 2213 inde
1916 2164 2107 2214 dictum
2146 2183 2273 2225 esse,
2331 2163 2468 2228 quod
2505 2183 2667 2225 suum,
2721 2164 2774 2214 id
2825 2173 2902 2214 est
2939 2163 3222 2214 dominium

625 2252 731 2298 fiat.
806 2251 985 2299 Trahit
1021 2269 1177 2318 porro
1216 2250 1401 2299 Sellius
1440 2255 1518 2318 (p.
1559 2254 1646 2317 25)
1696 2253 1748 2299 in
1786 2252 2035 2299 vertendo
2072 2253 2187 2298 loco
2225 2269 2512 2318 pronomen
2550 2252 2764 2313 „idem“
2814 2253 2879 2299 ad
2915 2252 3224 2299 vocabulum

628 2338 948 2404 praecedens
986 2339 1285 2400 ,‚verbum,“
1324 2356 1480 2404 quum
1520 2340 1940 2405 conjungendum
1978 2340 2043 2387 sit
2079 2356 2194 2386 cum
2232 2339 2564 2404 sequentibus
2614 2339 2796 2403 „quod
2843 2320 3098 2405 obligatur
3132 2354 3224 2403 per

627 2424 863 2472 libram.“
951 2424 1033 2472 Ex
1068 2424 1321 2474 Varronis
1377 2426 1513 2474 enim
1568 2433 1739 2475 mente
1795 2425 1862 2487 id,
1912 2425 2050 2490 quod
2089 2426 2345 2491 obligatur
2391 2442 2483 2491 per
2519 2425 2718 2486 libram,
2772 2441 2965 2472 nexum
3023 2425 3220 2478 dicitur,

627 2511 783 2577 idque
825 2528 890 2560 ex
926 2513 1039 2577 ipso
1076 2512 1237 2562 verbo
1276 2513 1418 2579 sequi
1457 2513 1692 2562 affirmat.
1782 2511 1848 2562 Et
1883 2520 2020 2562 recte
2060 2520 2211 2578 atque
2244 2513 2358 2578 jure
2395 2513 2479 2562 ille
2519 2512 2738 2578 quidem.
2831 2510 2962 2561 Nam
3000 2512 3042 2561 si
3079 2512 3225 2561 verbi

626 2599 751 2648 nexi
790 2599 895 2648 vim
934 2599 1209 2661 intuemur,
1245 2600 1521 2662 neminem,
1560 2601 1645 2665 qui
1680 2601 1857 2666 lingua
1893 2599 2075 2649 Latina
2110 2600 2336 2650 imbutus
2374 2608 2465 2661 est,
2503 2600 2679 2666 fugere
2718 2607 2937 2665 oportet,
2985 2599 3226 2648 nectendi

629 2687 863 2748 verbum,
902 2704 932 2734 a
969 2704 1070 2751 quo
1110 2695 1188 2735 est
1226 2686 1417 2736 dictum
1454 2705 1662 2748 nexum,
1701 2687 1837 2736 idem
1874 2705 2035 2752 prope
2075 2705 2186 2736 esse
2224 2705 2281 2735 ac
2328 2688 2486 2752 ligare
2526 2688 2609 2736 vel
2664 2687 2905 2753 obligare.
2994 2686 3071 2736 De
3126 2687 3222 2736 hac

630 2781 805 2821 tamen
843 2774 1084 2822 vocabuli
1121 2775 1334 2823 notione
1372 2792 1478 2823 non
1528 2792 1707 2824 omnes
1763 2775 2105 2836 consentiunt,
2161 2782 2311 2840 atque
2369 2775 2521 2823 etiam
2573 2783 2751 2823 nostra
2806 2784 2971 2824 aetate
3027 2775 3224 2824 inventi

629 2844 766 2921 sunt,
824 2861 909 2923 qui
961 2877 1154 2910 nexum
1206 2861 1344 2910 idem
1401 2878 1512 2911 esse
1567 2862 1876 2911 vocabulum
1927 2870 2078 2926 atque
2126 2843 2407 2927 negotium,
2457 2869 2544 2909 aut
2580 2862 2665 2925 qui
2700 2878 2891 2910 nexum
2931 2878 2958 2909 a
2995 2878 3089 2910 nec
3127 2878 3220 2911 suo

629 2945 825 2996 dictum
868 2961 979 2996 esse
1019 2946 1364 3010 opinarentur.
1430 2946 1578 2997 Hanc
1610 2948 2277 3013 posterioremopinionem
2307 2947 2393 3012 qui
2423 2947 2813 3012 amplectuntur,
2850 2956 2981 2998 teste
3011 2956 3221 2999 utuntur

627 3030 884 3095 Varrone,
926 3032 1013 3098 qui
1049 3032 1331 3098 reprobant
1366 3033 1418 3082 in
1457 3052 1574 3082 eum
1612 3034 1937 3097 invehuntur,
1979 3034 2064 3100 qui
2100 3042 2206 3083 tam
2242 3051 2538 3101 perversam
2578 3032 2949 3084 derivationem
2986 3033 3220 3101 prodide-

630 3120 712 3181 rit,
750 3138 903 3185 quam
940 3118 1096 3185 Hugo
1134 3120 1185 3168 in
1224 3119 1340 3168 hist.
1371 3120 1469 3184 jur.
1508 3120 1654 3174 Rom.
1700 3140 1746 3186 p.
1787 3124 1884 3171 282
1942 3122 2299 3171 detestabilem
2353 3129 2518 3171 vocat.
2608 3121 2700 3172 Est
2753 3140 2875 3173 sane
2929 3122 3220 3187 rejicienda,

629 3205 725 3257 sed
759 3222 864 3256 non
902 3205 1176 3273 perspiciO,
1226 3222 1316 3255 cur
1354 3222 1414 3256 eo
1453 3206 1659 3256 nomine
1699 3206 1866 3257 Varro
1916 3215 2184 3274 tantopere
2221 3208 2553 3274 vituperetur,
2601 3225 2752 3275 quem
2790 3209 2890 3260 tale
2929 3207 3050 3274 quid
3087 3208 3219 3276 cogi-

628 3301 767 3343 tasse
807 3294 927 3343 satis
964 3293 1242 3360 probatum
1280 3310 1387 3342 non
1428 3301 1516 3342 est.
1590 3291 1687 3352 Qui
1726 3311 1841 3343 mea
1878 3295 2132 3343 sententia
2169 3295 2265 3344 hoc
2305 3294 2591 3360 exprimere
2630 3297 2752 3358 vult,
2796 3312 2988 3345 nexum
3024 3294 3143 3344 inde
3168 3296 3218 3360 ³)
3254 3339 3262 3345 .

837 3451 865 3498 ³)
892 3454 947 3489 Ab
975 3455 1174 3498 obligando.
1217 3451 1362 3498 „{nde“
1391 3454 1497 3496 igitur
1524 3452 1693 3495 particula
1721 3454 1965 3496 conjungenda
1993 3458 2048 3488 est
2075 3463 2155 3488 cum
2184 3453 2428 3498 ,‚0b1igatur,“
2457 3464 2526 3489 non
2553 3464 2633 3490 cum
2663 3464 2806 3500 „neque
2834 3455 2980 3490 suum.“
3029 3457 3118 3491 Tum
3148 3463 3218 3489 non

630 3521 769 3561 oportet
796 3517 861 3553 hoc
890 3516 965 3551 loco
992 3517 1187 3552 Varronem
1215 3516 1413 3560 increpare,
1454 3515 1615 3558 quamvis
1654 3515 1735 3551 licet
1769 3516 1847 3559 jure
1882 3517 2039 3561 Scaliger
2075 3517 2272 3552 exclamare
2312 3517 2448 3551 soleat:
2490 3518 2628 3553 desinat
2656 3518 2805 3562 ineptire
2835 3517 2965 3553 varro!
3020 3518 3092 3553 Nec
3120 3517 3218 3552 Seiiii

629 3584 882 3616 emendatione
909 3589 998 3622 opus
1026 3585 1092 3622 est,
1121 3588 1189 3622 qua
1218 3581 1448 3622 reprehensio
1476 3580 1637 3612 evitetur.
