3461 4168
1909 128 1975 175 40

654 282 815 330 verba
848 282 1050 330 locutus
1088 298 1205 330 aere
1241 282 1424 329 libram
1460 281 1677 347 percutit
1711 280 1867 346 idque
1907 299 1994 331 aes
2031 281 2120 331 dat
2154 281 2298 329 alteri
2339 281 2486 347 parti,
2541 298 2646 330 non
2692 285 2842 348 pretii
2883 285 3014 346 loco,
3068 291 3127 333 ut
3167 285 3221 334 in

654 367 934 432 mancipiis,
973 366 1064 416 sed
1099 375 1344 433 tanquam
1382 367 1615 416 solvendi
1651 382 1817 415 causa.
1906 366 2017 416 Hac
2053 367 2350 435 imaginaria
2385 366 2641 416 solutione
2677 383 2769 434 per
2804 385 2891 419 aes
2938 377 2988 419 et
3035 370 3218 420 libram

655 453 770 521 Gaji
804 461 1037 521 tempore
1073 455 1349 505 utebantur
1383 463 1492 504 tum
1528 454 1580 503 in
1619 470 1696 515 e0,
1751 452 1891 519 quod
1937 471 2030 520 per
2066 472 2154 505 aes
2191 462 2242 505 et
2274 454 2457 504 libram
2494 461 2693 521 gestum
2731 462 2855 517 erat,
2906 464 3015 507 tum
3053 457 3106 507 in
3143 474 3220 521 e0,
3280 483 3285 487 ·

656 542 798 608 quod
836 561 897 591 ex
931 543 1145 609 judicati
1182 561 1349 603 causa,
1403 551 1510 591 tum
1561 541 1711 590 etiam
1759 541 1811 589 in
1850 559 1911 590 eo
1948 542 2194 605 tollendo,
2235 542 2372 608 quod
2409 560 2473 591 ex
2507 541 2678 608 legato
2713 560 2805 608 per
2841 542 3220 595 damnationem

655 632 835 679 relicto
873 631 1171 679 debebatur.
1260 628 1399 688 Quae
1459 629 1663 695 quidem
1720 629 2059 695 obligationes
2106 631 2225 679 licet
2261 630 2473 679 diversis
2510 647 2576 678 ex
2612 630 2777 678 causis
2812 632 3070 696 profectae
3108 651 3220 682 esse

654 718 943 782 videantur,
979 726 1151 769 tamen
1187 719 1238 766 in
1274 718 1575 766 liberatione
1614 717 1788 766 similis
1825 718 2061 780 formula,
2109 726 2166 768 ut
2201 719 2416 781 videtur,
2452 718 2636 767 usitata
2671 726 2792 767 erat.
2876 717 3221 779 Quamobrem

657 805 765 855 fere
802 821 1013 855 necesse
1052 811 1129 853 est
1165 803 1525 868 cognationem
1562 803 1693 852 inter
1730 818 1816 851 eas
1852 802 2218 867 intercessisse,
2273 820 2401 870 quae
2437 803 2639 870 quidem
2675 804 2774 853 alia
2813 804 2920 870 jam
2969 821 3079 855 esse
3115 821 3222 854 non

656 900 842 956 potest,
881 908 1031 955 quam
1069 888 1206 953 quod
1244 887 1423 936 eadem
1459 896 1641 937 natura
1677 887 1956 953 eademque
1994 907 2168 938 earum
2205 898 2432 956 potestas
2466 890 2630 940 fuerit.
2716 888 2783 939 Et
2826 891 2981 956 legati
3017 890 3221 956 quidem

656 979 789 1029 illius
820 979 872 1028 in
902 978 999 1028 hoc
1019 977 1292 1044 praecipua
1310 976 1478 1043 posita
1498 984 1605 1026 erat
1621 983 1863 1042 potestas,
1901 976 2038 1043 quod
2074 978 2127 1027 in
2163 986 2486 1043 testamentO,
2523 986 2579 1029 ut
2614 977 2960 1045 antiquissimo
2989 986 3220 1045 tempore

657 1084 829 1117 coram
866 1066 978 1131 ipso
1014 1065 1207 1130 populo
1245 1064 1453 1114 condito
1492 1064 1554 1113 ab
1594 1080 1771 1128 eoque,
1808 1072 1865 1113 ut
1900 1064 2117 1127 videtur,
2156 1067 2478 1129 confirmatO,
2516 1067 2587 1117 ita
2622 1066 2784 1117 serius
2817 1082 2989 1115 coram
3026 1066 3221 1116 civibus

654 1153 829 1220 populi
883 1153 994 1201 vice
1048 1151 1379 1218 fungentibus
1433 1152 1582 1212 facto,
1638 1151 1879 1216 scriptum
1936 1162 2075 1201 erat:
2147 1152 2310 1203 Heres
2364 1172 2508 1204 meus
2562 1152 2790 1204 Stichum
2843 1170 3046 1203 servum
3100 1153 3221 1204 dare

656 1239 870 1290 damnas
910 1248 1034 1289 esto.
1124 1238 1255 1288 Nam
1310 1237 1446 1304 quod
1500 1235 1655 1303 Gajus
1711 1246 1761 1287 et
1816 1237 2062 1304 Ulpianus
2118 1241 2359 1303 scribunt,
2415 1241 2566 1291 etiam
2611 1241 2655 1291 si
2689 1240 2825 1303 dato,
2877 1240 3046 1303 facito,
3101 1239 3222 1290 dare

649 1328 808 1394 jubeo
847 1328 1092 1394 scriptum
1131 1334 1280 1388 esset,
1334 1334 1505 1374 tamen
1550 1342 1660 1373 esse
1705 1342 1796 1391 per
1833 1325 2215 1377 damnationem
2250 1329 2488 1396 legatum,
2542 1327 2640 1377 hoc
2676 1328 2856 1394 procul
2892 1328 3046 1377 dubio
3085 1328 3221 1390 olim,

656 1423 713 1466 ut
747 1416 860 1482 ipsa
894 1415 1052 1482 legati
1090 1414 1361 1481 appellatio
1410 1413 1607 1475 clamat,
1662 1413 1732 1462 ita
1778 1431 1883 1463 non
1937 1415 2045 1476 fuit,
2070 1416 2154 1481 ³4)
2210 1432 2304 1465 nec
2358 1416 2409 1464 in
2462 1415 2556 1463 hac
2610 1431 2763 1464 causa
2817 1416 2988 1464 omnia
3042 1414 3222 1465 eadem

656 1503 815 1553 fuisse
853 1503 1100 1569 suspicor,
1156 1511 1307 1567 atque
1345 1501 1387 1550 si
1422 1501 1583 1550 veteri
1618 1501 1785 1549 forma
1819 1518 1941 1551 usus
1978 1502 2159 1552 fuisset
2193 1509 2418 1552 testator.
2506 1501 2680 1567 Itaque
2717 1518 2808 1567 per
2844 1501 3223 1552 damnationem

656 1593 827 1659 legato
865 1592 1059 1653 relicto,
1114 1591 1262 1638 heres
1300 1589 1511 1655 perinde
1551 1597 1658 1636 erat
1702 1588 1971 1655 obligatus,
2027 1607 2084 1638 ac
2139 1591 2181 1639 si
2234 1590 2500 1639 damnatus
2556 1597 2702 1637 esset.
2790 1588 3000 1638 Poterat
3053 1598 3224 1638 autem

656 1688 873 1730 testator
909 1680 980 1728 ita
1016 1677 1262 1727 heredem
1310 1677 1554 1743 obligare,
1608 1685 1663 1725 ut
1716 1676 1986 1725 damnatus
2042 1685 2190 1726 esset.
2295 1676 2423 1725 Nam
2476 1678 2560 1725 lex
2612 1676 2722 1725 XII.
2776 1676 3065 1725 tabularum
3118 1694 3224 1726 non

655 1768 812 1817 modo
853 1766 1150 1833 generatim,
1189 1764 1327 1830 quod
1361 1765 1414 1814 in
1450 1764 1702 1830 mancipio
1739 1764 1974 1814 faciendo
2013 1767 2088 1830 (et
2108 1772 2216 1815 erat
2234 1765 2426 1830 species
2444 1764 2831 1830 mancipationis
2866 1764 3085 1813 familiae
3105 1780 3224 1815 ven-

657 1854 805 1921 ditio)
860 1854 1035 1920 lingua
1070 1859 1431 1918 nuncupasset,
1485 1869 1664 1902 verum
1701 1852 1853 1901 etiam
1891 1852 2193 1917 specialiter,
2248 1850 2383 1917 quod
2418 1851 2780 1917 paterfamilias
2817 1868 2969 1917 super
3009 1851 3225 1917 pecunia

655 1942 882 1992 tutelave
922 1958 1042 1990 suae
1080 1940 1153 1989 rei
1188 1940 1426 2005 legasset,
1463 1947 1629 1988 ratum
1666 1957 1777 1988 esse
1811 1940 2046 2004 jusserat.
2128 1938 2286 1988 Erant
2337 1939 2489 2005 igitur
2541 1939 2689 1989 heres
2742 1947 3048 1989 testamento
3103 1938 3224 1987 dare

658 2030 872 2079 damnas
904 2030 1077 2093 jussus
1115 2036 1165 2076 et
1200 2027 1401 2076 debitor
1431 2028 1546 2093 jure
1576 2027 1832 2092 judicatus
1869 2045 1923 2075 re
1960 2028 2071 2092 pari
2109 2027 2367 2075 obstricti:
2422 2027 2505 2075 ille
2555 2026 2923 2076 condemnatus
2969 2035 3078 2076 erat
3110 2027 3223 2092 lege

658 2117 730 2165 ita
759 2118 844 2181 jus
883 2133 994 2164 esse
1027 2115 1255 2181 jubente,
1293 2115 1374 2162 hic
1405 2114 1590 2179 judicis
1627 2132 1657 2161 a
1691 2115 1883 2179 populo
1922 2114 2143 2179 delegati
2178 2115 2278 2162 lata
2316 2114 2580 2162 sententia.
2635 2112 2700 2162 Et
2735 2114 2974 2178 quoniam
3011 2129 3100 2162 eae
3138 2113 3223 2162 ob-

657 2203 931 2269 ligationes
967 2203 1055 2251 illa
1089 2202 1387 2268 imaginaria
1423 2202 1674 2251 solutione
1711 2219 1803 2267 per
1840 2219 1927 2250 aes
1965 2210 2016 2250 et
2050 2202 2231 2250 libram
2267 2202 2592 2262 tollebantur,
2652 2201 2884 2250 liberatio
2939 2201 3065 2250 haec
3120 2200 3223 2249 effi-

657 2292 840 2352 ciebat,
895 2301 952 2340 ut
990 2292 1074 2357 qui
1122 2292 1303 2351 fuerat,
1352 2291 1458 2356 jam
1496 2291 1764 2339 damnatus
1802 2308 1907 2338 non
1946 2299 2094 2338 esset.
2184 2289 2321 2349 Quae
2379 2290 2549 2338 omnia
2603 2290 2644 2338 si
2698 2290 2867 2338 animo
2924 2289 3223 2355 colligimus,

658 2397 815 2446 quum
853 2380 1033 2428 eadem
1072 2379 1327 2428 solutione
1382 2396 1473 2444 per
1510 2397 1595 2427 aes
1634 2388 1683 2427 et
1718 2380 1903 2427 libram
1940 2379 1992 2426 id
2030 2396 2243 2443 quoque,
2282 2378 2418 2443 quod
2455 2386 2656 2444 praeter
2691 2379 2982 2427 testamenti
3020 2396 3224 2427 causam

657 2485 751 2534 per
788 2484 873 2516 aes
911 2475 962 2516 et
996 2467 1178 2516 libram
1215 2474 1416 2532 gestum
1456 2475 1578 2529 erat,
1613 2468 1893 2529 tolleretur,
1949 2483 2064 2514 eum
2103 2483 2315 2532 quoque,
2370 2467 2455 2532 qui
2492 2483 2607 2515 aere
2646 2474 2696 2515 et
2730 2466 2860 2515 libra
2914 2474 3048 2516 esset
3100 2466 3223 2515 obli·

659 2563 823 2622 gatus,
862 2555 903 2603 si
940 2572 1092 2620 quum
1129 2554 1404 2616 debuisset,
1456 2573 1509 2604 se
1547 2573 1651 2604 non
1688 2556 1970 2616 liberasset,
2026 2555 2076 2602 in
2115 2553 2290 2602 eadem
2326 2554 2480 2602 fuisse
2519 2570 2685 2615 causa,
2740 2561 2889 2619 atque
2928 2553 3222 2603 damnatum

658 2644 743 2691 vel
772 2642 1070 2707 judicatum,
1108 2642 1347 2691 dicemus.

877 2765 1033 2828 Haec,
1079 2766 1141 2815 de
1179 2784 1278 2832 qua
1314 2765 1470 2833 Gajus
1507 2768 1743 2833 loquitur,
1801 2766 2100 2833 imaginaria
2136 2767 2318 2816 solutio
2373 2783 2463 2832 per
2503 2783 2588 2815 aes
2629 2774 2678 2814 et
2713 2764 2910 2827 libram,
2966 2764 3064 2813 alia
3116 2782 3221 2813 non

662 2862 787 2915 erat,
825 2863 974 2918 atque
1013 2854 1134 2902 nexi
1168 2854 1399 2903 liberatio
1438 2855 1501 2903 ab
1538 2856 1686 2904 Aelio
1724 2853 1873 2905 Gallo
1930 2854 2063 2919 apud
2116 2853 2320 2903 Festum
2369 2873 2405 2902 s.
2454 2873 2499 2902 v.
2570 2852 2772 2902 Nexum
2831 2854 2900 2902 sic
2956 2852 3219 2917 appellata.

658 2940 773 2990 Hoc
810 2942 864 2990 in
902 2940 1111 2989 dubium
1147 2959 1329 2990 vocare
1366 2960 1471 2990 non
1522 2943 1759 3008 oportuit.
1848 2940 1981 2990 Nexi
2035 2941 2265 2990 liberatio
2304 2942 2506 3003 etenim,
2558 2940 2799 3006 quoniam
2835 2939 3010 2988 Aelius
3048 2936 3222 2989 Gallus

659 3047 773 3078 eam
809 3029 864 3077 in
900 3046 1114 3077 numero
1154 3046 1327 3077 eorum
1366 3048 1475 3078 esse
1514 3030 1649 3091 dicit,
1704 3048 1832 3095 quae
1870 3047 1962 3095 per
1999 3046 2083 3078 aes
2123 3038 2172 3077 et
2206 3030 2386 3078 libram
2424 3037 2678 3096 gerantur,
2731 3045 2837 3076 non
2875 3045 3050 3076 omnes
3086 3046 3218 3076 com-

657 3116 898 3182 plectitur
935 3133 1129 3177 causas,
1179 3116 1357 3180 quibus
1393 3117 1512 3164 nexi
1551 3118 1795 3184 obligatio
1833 3117 2054 3178 tollatur,
2093 3133 2268 3165 verum
2305 3118 2415 3183 ipsa
2450 3133 2542 3182 per
2579 3133 2664 3164 aes
2702 3121 2752 3163 et
2786 3113 2966 3162 libram
3002 3114 3091 3163 fiat
3134 3131 3218 3162 ne·

660 3221 801 3253 cesse
850 3212 940 3254 est.
1012 3203 1093 3252 Ex
1131 3203 1312 3269 quibus
1349 3206 1639 3270 conjectura
1675 3205 1918 3271 consequi
1954 3223 2237 3271 possumus,
2293 3206 2465 3255 omnia
2499 3221 2590 3270 per
2640 3220 2725 3251 aes
2769 3210 2818 3251 et
2859 3202 3040 3251 libram
3076 3210 3221 3269 gesta

659 3291 759 3354 vel,
796 3301 851 3341 ut
886 3292 1123 3341 Manilius
1163 3300 1214 3340 et
1249 3292 1423 3341 Aelius
1460 3291 1634 3343 Gallus
1681 3294 1869 3354 dicunt,
1927 3294 2096 3342 omnia
2138 3313 2273 3343 nexa
2319 3294 2498 3343 iisdem
2554 3292 2687 3340 facta
2741 3309 2849 3340 esse
2905 3291 3216 3351 solennibus,

659 3379 843 3444 quibus
879 3390 985 3429 tum
1024 3380 1145 3429 nexi
1189 3380 1423 3427 liberatio
1469 3390 1575 3429 tum
1622 3382 1929 3446 mancipium
1978 3382 2234 3447 agebatur.
2323 3380 2436 3429 Hoc
2492 3378 2818 3427 confirmatur
2873 3379 3216 3444 probaturque

863 3565 907 3609 ³⁴)
948 3569 1083 3603 Clarius
1122 3571 1227 3603 etiam
1262 3570 1331 3602 alia
1359 3572 1458 3602 vetus
1485 3570 1669 3610 appellatio
1698 3571 1861 3612 loquitur.
1928 3570 2016 3604 Nam
2045 3575 2082 3604 ut
2108 3580 2148 3604 ex
2175 3569 2341 3611 Agroetio
2379 3566 2446 3609 (de
2474 3568 2622 3609 orthogr.
2652 3577 2685 3610 p.
2715 3564 2806 3601 2271
2837 3567 2994 3610 Putsch.)
3034 3568 3216 3610 discimus,

659 3631 902 3673 appellabatur
928 3632 1032 3664 etiam
1061 3633 1208 3666 damnas
1235 3637 1311 3666 esto
1341 3632 1505 3673 legatum.
