3461 4168
1391 123 1455 172 38

145 278 398 349 quissimis
433 280 751 346 temporibus
787 281 875 331 vix
913 287 1107 329 certum
1142 278 1414 345 quidquam
1448 278 1648 328 tradere
1684 278 1896 345 possint,
1933 276 2142 325 dubium
2176 277 2388 327 videtur.
2443 276 2693 344 Equidem

144 369 399 419 affirmare
435 384 541 416 non
577 367 769 430 dubito,
818 375 960 417 actus
1007 366 1180 417 civiles
1216 381 1310 415 sua
1343 365 1394 414 vi
1431 382 1487 415 ac
1522 372 1775 432 potestate
1814 363 2100 413 constitisse
2139 365 2246 412 sine
2283 366 2383 413 ulla
2417 383 2487 426 re,
2543 381 2695 430 quam

141 456 307 504 forma
343 455 745 520 amplecteretur,
784 455 891 504 sine
927 455 1031 503 ulla
1067 469 1233 512 causa,
1271 460 1478 516 propter
1514 471 1663 518 quam
1700 451 2041 511 adhiberetur,
2079 451 2297 499 maxime
2335 469 2455 500 vero
2488 470 2576 516 per
2606 470 2693 502 aes

144 549 196 590 et
229 541 411 589 libram
447 550 604 608 gesta,
659 543 843 607 quippe
898 557 1031 605 quae
1075 555 1246 586 coram
1299 539 1409 603 ipso
1448 542 1635 605 populo
1673 540 1781 588 sive
1816 546 2035 586 testante
2073 538 2180 586 sive
2218 538 2545 586 confirmante
2581 539 2693 586 fieri

142 629 557 697 intelligerentur.
628 629 701 691 Id,
755 637 812 678 ut
859 627 1055 694 opinor,
1110 626 1401 692 conjectura
1436 628 1679 694 consequi
1730 643 2000 693 possumus
2056 643 2121 675 ex
2173 626 2287 674 loco
2344 623 2553 691 Gajano,
2606 626 2696 674 ubi

143 714 338 782 „Saepe
377 715 572 778 accidit,
609 716 784 781 inquit,
822 723 877 763 ut
915 714 1025 779 quis
1066 714 1180 779 jure
1216 713 1351 762 civili
1385 720 1629 777 teneatur,
1685 713 1777 763 sed
1810 714 2036 778 iniquum
2074 715 2151 775 sit,
2206 730 2321 761 eum
2351 713 2541 778 judicio
2579 730 2695 761 con-

146 802 390 863 demnari,
427 802 566 852 velut
602 802 643 852 si
680 801 947 866 stipulatus
985 800 1078 849 sim
1116 817 1146 849 a
1180 807 1230 849 te
1266 800 1544 864 pecuniam,
1582 809 1826 866 tanquam
1863 799 2101 849 credendi
2140 816 2292 849 causa
2327 806 2696 859 numeraturus,

143 908 240 940 nec
275 890 662 941 numeraverim.
743 886 875 938 Nam
924 904 1034 936 eam
1071 886 1339 953 pecuniam
1378 903 1407 934 a
1444 895 1491 937 te
1527 889 1627 954 peti
1681 904 1833 954 posse
1888 896 2079 937 certum
2135 896 2225 950 est,
2280 886 2401 937 dare
2458 886 2591 935 enim
2646 893 2698 934 te

149 984 368 1042 oportet,
406 993 558 1042 quum
597 992 659 1025 ex
698 975 939 1040 stipulatu
975 974 1209 1036 tenearis,
1247 973 1337 1023 sed
1375 976 1490 1040 quia
1523 976 1751 1042 iniquum
1789 982 1879 1037 est,
1924 983 1975 1024 te
2014 992 2073 1024 eo
2109 976 2313 1024 nomine
2353 974 2699 1036 condemnari,

145 1063 357 1129 placet
391 1080 482 1129 per
521 1062 874 1127 exceptionem
912 1061 1015 1110 doli
1050 1062 1169 1109 mali
1204 1068 1254 1110 te
1293 1060 1493 1110 defendi
1521 1062 1754 1111 debere.“
1778 1061 1863 1127 ²4)
1918 1059 2015 1121 Qui
2049 1062 2190 1111 locus
2221 1062 2382 1123 docet,
2421 1061 2700 1126 stipulatio-

146 1168 266 1200 nem
303 1151 459 1217 ipsius
499 1147 613 1214 Gaji
650 1155 877 1214 tempore
915 1149 1075 1198 solam
1113 1165 1205 1214 per
1242 1164 1295 1197 se
1334 1148 1439 1197 sine
1477 1150 1576 1198 ulla
1614 1166 1767 1199 causa
1801 1149 1906 1198 vim
1942 1148 2176 1198 habuisse
2209 1148 2272 1197 ad
2291 1147 2698 1198 constituendam

152 1238 354 1287 civilem
392 1235 770 1300 obligationem,
825 1236 1180 1300 exceptionem
1225 1242 1420 1284 tantum
1462 1235 1566 1285 doli
1601 1236 1721 1284 mali
1761 1235 1994 1297 admittit,
2050 1253 2199 1300 quam
2233 1254 2337 1284 non
2377 1236 2590 1284 obscure
2627 1235 2700 1283 in-

153 1323 289 1373 dicat
326 1323 600 1387 antiquitus
638 1321 806 1370 datam
856 1340 960 1371 non
1013 1323 1184 1384 fuisse,
1240 1322 1330 1371 sed
1385 1331 1469 1371 aut
1523 1340 1552 1371 a
1603 1331 1839 1388 praetore
1894 1323 2206 1387 propositam
2255 1330 2339 1371 aut
2373 1303 2700 1371 constitutam

147 1411 457 1477 prudentum
493 1410 907 1475 interpretatione
946 1418 997 1457 et
1026 1409 1339 1458 auctoritate.
1395 1409 1564 1475 Itaque
1594 1411 1850 1476 stipulatio
1884 1410 2106 1472 omnino,
2135 1409 2254 1457 licet
2283 1409 2389 1457 sine
2414 1427 2564 1456 causa
2583 1426 2701 1456 con-

148 1498 296 1559 fecta,
325 1498 576 1546 actionem
603 1496 844 1563 gignebat
873 1497 1086 1558 civilem,
1118 1513 1268 1561 quam
1297 1497 1416 1545 olim
1443 1514 1505 1546 ne
1536 1514 1626 1563 per
1656 1497 2012 1563 exceptionem
2043 1497 2244 1562 quidem
2273 1496 2447 1562 repelli
2475 1496 2698 1561 potuisse

149 1600 389 1650 magnam
410 1583 565 1633 habet
583 1583 1005 1649 probabilitatem.
1061 1581 1254 1643 Quodsi
1273 1591 1413 1633 tanta
1449 1592 1554 1633 erat
1589 1585 1664 1633 vis
1704 1584 2101 1650 stipulationum,
2140 1591 2326 1648 quanto
2365 1583 2556 1648 majore
2586 1583 2701 1648 jure

149 1672 211 1721 iis
236 1671 621 1733 vindicabimus,
658 1688 784 1736 quae
804 1689 894 1737 per
915 1688 1001 1720 aes
1022 1679 1072 1720 et
1089 1671 1270 1720 libram
1291 1671 1607 1737 gerebantur,
1647 1689 1801 1737 quum
1826 1672 2124 1737 praesertim
2163 1672 2415 1737 stipulatio
2454 1689 2557 1720 non
2596 1679 2701 1720 tam

154 1760 359 1826 proprie
395 1759 548 1808 fuerit
576 1759 703 1825 juris
743 1760 917 1821 civilis,
965 1777 1113 1824 quam
1153 1759 1251 1821 illa,
1305 1760 1406 1807 imo
1444 1760 1575 1825 apud
1610 1760 1920 1825 posteriores
1959 1769 2109 1822 certe,
2165 1768 2376 1825 excepta
2412 1759 2701 1824 sponsione,

147 1848 277 1912 juris
314 1848 541 1913 gentium
579 1863 688 1894 esse
727 1854 776 1894 et
812 1847 942 1894 inter
978 1847 1115 1894 cives
1153 1855 1203 1894 et
1237 1848 1528 1912 peregrinos
1566 1849 1735 1895 valere
1774 1848 2037 1895 diceretur.
2121 1846 2252 1906 Quid
2289 1847 2383 1894 sibi
2419 1847 2703 1894 voluissent

155 1935 315 1984 verba
350 1942 488 1984 certa
524 1942 672 1999 atque
708 1934 933 2001 legitima
984 1935 1036 1983 in
1090 1935 1474 2000 mancipationis
1528 1935 1822 1984 solennibus
1869 1935 2011 2000 quasi
2055 1935 2105 1983 in
2144 1935 2357 1984 comitiis
2393 1934 2568 1999 populi
2604 1931 2702 1981 Ro-

152 2023 290 2071 mani
330 2039 360 2070 a
394 2021 644 2086 mancipio
684 2021 959 2086 accipiente
998 2021 1127 2070 aeris
1168 2030 1219 2070 et
1252 2021 1409 2071 librae
1444 2030 1684 2087 tanquam
1732 2040 1882 2072 aerea
1934 2040 2061 2071 voce
2116 2030 2427 2071 consonante
2483 2039 2705 2087 pronun·

150 2109 307 2158 tiata:
378 2107 561 2169 „Hanc
606 2124 699 2173 ego
736 2125 843 2156 rem
880 2125 944 2156 ex
988 2108 1102 2172 jure
1140 2107 1407 2167 Quiritium
1443 2126 1604 2157 meam
1645 2127 1755 2158 esse
1796 2110 1924 2174 ajo,“
1979 2110 2020 2159 si
2074 2118 2253 2174 postea
2307 2109 2543 2159 venditor
2596 2125 2705 2157 rem

151 2195 390 2245 traditam
428 2195 644 2261 pretium
684 2195 904 2243 solutum
942 2213 1052 2243 esse
1088 2213 1298 2261 negans,
1336 2196 1474 2260 quasi
1510 2214 1734 2261 nunqum
1773 2196 1958 2246 amisso
1998 2196 2239 2258 dominio,
2298 2215 2361 2245 ex
2391 2197 2504 2262 jure
2543 2195 2704 2256 Quiri-

152 2284 279 2333 tium
317 2301 458 2332 suam
496 2282 752 2332 vindicare
789 2283 1076 2348 potuisset?
1149 2283 1268 2348 quid
1321 2284 1406 2331 illa
1451 2282 1557 2332 XII.
1595 2284 1913 2332 tabularum:
1984 2285 2077 2333 uti
2132 2285 2304 2349 lingua
2358 2284 2701 2349 nuneupassit,

153 2370 246 2420 ita
282 2370 365 2436 jus
406 2369 556 2419 esto?
627 2368 724 2430 Qui
768 2387 876 2418 rem
913 2369 1172 2418 venditam
1207 2371 1370 2436 pretio
1407 2370 1630 2419 nondum
1667 2370 1834 2419 soluto
1872 2371 2121 2436 mancipio
2160 2370 2382 2432 dederat,
2438 2371 2479 2419 si
2516 2370 2700 2420 deinde

153 2459 371 2524 pecunia
406 2476 509 2507 non
549 2458 844 2520 solveretur,
899 2457 961 2507 de
1007 2476 1059 2507 se
1100 2459 1241 2523 queri
1278 2458 1507 2508 debebat.
1593 2458 1662 2507 At
1699 2458 1740 2507 si
1778 2477 1883 2507 non
1918 2458 2221 2519 tradidisset,
2269 2468 2446 2507 contra
2481 2458 2704 2508 vindica-

154 2546 353 2594 tionem
390 2546 642 2610 posterius
692 2555 826 2594 certe
875 2547 1175 2611 exceptione
1222 2546 1325 2595 doli
1374 2547 1492 2594 mali
1545 2563 1595 2594 se
1649 2546 1898 2594 tuebatur.
1988 2545 2062 2593 Ea
2114 2563 2238 2594 vero
2295 2547 2527 2611 exceptio
2583 2547 2704 2611 quin

153 2632 445 2699 hujusmodi
479 2633 532 2681 in
568 2633 730 2682 causis
777 2634 885 2699 jam
923 2634 1196 2700 antiquitus
1234 2635 1403 2683 locum
1439 2632 1680 2694 habuerit,
1726 2631 1874 2681 valde
1912 2631 2246 2682 dubitandum
2288 2642 2375 2682 est.
2466 2632 2701 2684 Ceterum

155 2721 291 2788 apud
328 2721 702 2786 antiquissimos
738 2720 1012 2783 Romanos,
1068 2722 1109 2770 si
1145 2723 1452 2771 venditionis
1500 2737 1648 2769 causa
1683 2736 1764 2768 res
1810 2721 2198 2786 manciparetur,
2246 2739 2542 2787 persuasum
2579 2723 2704 2770 mihi

156 2817 234 2859 est
271 2810 377 2858 fere
416 2825 615 2873 semper
650 2809 701 2857 in
740 2809 1027 2872 praesentia
1062 2810 1268 2859 testium
1305 2826 1335 2858 a
1368 2808 1644 2874 libripende
1680 2808 1897 2872 pretium
1934 2824 2211 2873 appensum
2251 2810 2420 2858 fuisse.
2510 2808 2703 2868 Quodsi

154 2896 374 2961 pretium
410 2913 513 2944 non
552 2894 684 2943 illico
725 2894 1119 2959 appendebatur,
1156 2913 1251 2945 nec
1289 2905 1438 2945 antea
1476 2895 1644 2944 datum
1681 2902 1801 2955 erat,
1844 2894 1885 2943 si
1923 2912 2017 2943 nec
2055 2895 2153 2944 alio
2193 2895 2363 2956 modo,
2408 2895 2546 2945 velut
2581 2895 2700 2944 fide-

151 2981 354 3047 jussore
392 2990 478 3031 aut
513 2982 723 3048 pignore
761 2980 878 3030 dato
917 2982 1171 3031 venditori
1210 2984 1489 3044 satisfieret,
1537 2980 1781 3041 venditor,
1837 2989 1891 3030 ut
1930 2982 2125 3046 opinor,
2181 2983 2403 3043 curabat,
2457 2991 2511 3031 ut
2563 2999 2695 3031 nexo

157 3078 440 3134 emptorem
478 3071 574 3117 sibi
611 3070 961 3134 obstringeret,
1014 3070 1067 3116 id
1114 3071 1251 3134 quod
1287 3080 1337 3120 et
1373 3072 1584 3120 test-ibus
1622 3077 1671 3117 et
1704 3070 1987 3133 libripende
2024 3079 2132 3117 tum
2171 3072 2389 3118 maxime
2427 3070 2695 3134 praesenti-

155 3158 251 3205 bus
288 3158 522 3204 facillime
559 3159 696 3205 factu
734 3166 852 3205 erat.

370 3245 674 3308 Huschkius,
697 3247 781 3308 25)
833 3247 914 3312 qui
959 3262 1049 3311 per
1086 3263 1171 3295 aes
1210 3255 1259 3296 et
1295 3228 1474 3296 libram
1512 3246 1663 3312 gestis
1698 3246 1950 3311 insignem
1990 3247 2239 3311 quandam
2279 3247 2693 3311 significationem

155 3339 559 3398 potestatemque
594 3333 784 3397 tribuit,
838 3342 1007 3385 tamen
1052 3350 1157 3384 non
1205 3334 1415 3397 dubitat,
1472 3334 1587 3400 quin
1634 3349 1696 3382 ex
1742 3349 1894 3382 causa
1940 3334 2206 3400 emptionis
2252 3333 2551 3398 mancipatio
2589 3349 2693 3381 non

359 3491 403 3539 ²⁴)
429 3494 506 3538 Gaj.
537 3496 596 3531 IV.
631 3493 707 3532 116.
759 3497 927 3541 Quinctii.
955 3497 986 3532 J.
1015 3497 1057 3533 Ο.
1095 3497 1151 3531 lV.
1182 3494 1215 3531 ⁶2.
1277 3497 1370 3533 Satis
1405 3501 1460 3532 est
1492 3495 1643 3531 dixisse:
1683 3498 1815 3530 certam
1849 3496 2032 3539 pecuniam
2061 3499 2140 3539 peto
2174 3503 2212 3529 ex
2246 3494 2494 3537 stipulatione:
2535 3494 2693 3529 diversae

158 3558 268 3599 partis
294 3558 463 3599 expositio
490 3562 556 3601 est,
584 3568 646 3591 cur
672 3567 713 3592 ea
739 3569 807 3592 non
835 3561 1032 3593 deberetur.

360 3624 406 3669 ²⁶)
432 3627 526 3660 Fiav.
555 3627 668 3668 syntr.
696 3629 798 3661 instr.
827 3629 943 3662 donat.
972 3638 1005 3671 p.
1034 3627 1092 3661 41.
1145 3629 1255 3663 Recm
1282 3630 1342 3662 des
1370 3630 1506 3662 Nexum
1533 3636 1566 3669 p.
1594 3624 1653 3659 42.
