3461 4168
1929 122 1995 170 46

670 276 949 327 sessionem
984 275 1199 325 aliarum
1233 291 1406 324 rerum
1440 274 1495 323 in
1523 273 1639 340 jure
1676 272 1863 322 editam
1902 281 1954 324 et
1993 275 2361 341 judicationem
2396 275 2450 325 in
2483 291 2595 325 rem
2628 275 2808 342 ipsam,
2862 284 2919 327 ut
2951 292 3134 327 manus
3167 276 3242 327 in-

663 364 878 431 jectioni
912 363 1058 413 locus
1095 371 1246 425 esset,
1282 363 1336 412 in
1371 362 1640 429 pecuniam
1674 378 1767 427 per
1803 354 2213 413 aestimationem
2247 363 2410 430 redigi
2446 363 2718 429 oportebat
2768 392 2837 399 —
2887 364 2999 414 XII.
3033 364 3240 415 tabulae

670 452 807 502 enim
841 458 1044 501 tantum
1079 450 1144 502 de
1180 467 1251 501 ae
1264 467 1328 500 re
1367 450 1604 500 confesso
1638 449 1840 498 locutae
1876 456 2037 511 erant,
2065 476 2134 488 -—-
2165 450 2359 502 idcirco
2395 449 2675 501 creditores
2710 450 2913 502 efficere
2949 452 3238 519 cupiebant,

668 545 728 590 ut
763 538 940 589 debita
973 539 1104 590 alius
1138 537 1343 607 generis
1377 554 1470 604 per
1505 553 1595 587 aes
1631 543 1682 586 et
1715 535 1901 586 libram
1936 537 1989 586 in
2024 538 2272 603 pecuniae
2308 538 2536 589 debitum
2568 544 2903 590 nutarentur.

1886 765 1912 835 ς
1952 769 2030 818 20.

890 906 1002 957 Hoc
1039 921 1131 972 per
1166 919 1253 954 aes
1291 912 1340 954 et
1376 904 1559 953 libram
1605 910 1819 971 gestum,
1874 920 1975 971 quo
2028 918 2219 955 nexum
2276 920 2362 955 aes
2417 905 2647 969 dabatur,
2699 904 2844 955 multi
2898 905 3239 968 difficultates,

673 1011 799 1061 quas
834 994 950 1044 talis
988 993 1159 1059 opinio
1194 991 1463 1058 probanda
1500 992 1657 1041 habet
1690 1009 1797 1040 non
1839 1009 2039 1058 parvas,
2093 1009 2184 1059 pro
2234 1008 2327 1042 suo
2374 994 2588 1061 quisque
2634 994 2838 1062 ingenio
2885 994 3110 1061 effugere
3152 999 3242 1043 aut

671 1084 875 1133 vincere
912 1089 1135 1144 tentans,
1171 1080 1601 1147 mancipationem
1637 1080 1793 1129 fuisse
1829 1081 2115 1131 voluerunt.
2195 1080 2261 1130 Et
2296 1082 2381 1130 alii
2418 1082 2623 1148 quidem
2656 1083 2924 1150 pecuniam
2962 1082 3240 1148 antiquit-us

668 1185 778 1220 rem
812 1169 1036 1236 mancipi
1083 1168 1242 1218 fuisse
1300 1168 1648 1217 existimantes
1701 1167 1869 1233 ipsum
1925 1186 2011 1218 aes
2063 1168 2406 1235 mancipatum
2462 1186 2573 1220 esse
2628 1170 2956 1220 affirmarunt.
3044 1168 3239 1218 Verum

669 1258 971 1325 propositio,
1019 1267 1119 1322 qua
1156 1256 1283 1305 haec
1321 1256 1491 1321 opinio
1528 1255 1721 1317 nititur,
1777 1256 1886 1304 sine
1937 1272 2035 1322 qua
2086 1262 2220 1305 stare
2257 1272 2362 1305 non
2399 1264 2584 1322 potest,
2638 1257 3048 1324 probabilitatem
3083 1256 3242 1306 habet

667 1345 875 1393 nullam.
901 1344 987 1410 ⁴2)
1077 1341 1247 1404 Quare
1301 1342 1383 1390 alii
1431 1342 1566 1390 aliud
1613 1343 1997 1408 excogitarunt,
2054 1342 2187 1408 quod
2230 1344 2484 1409 mancipio
2540 1344 2715 1394 datum
2767 1345 2932 1394 fuerit.
2998 1331 3239 1404 'Quidam

668 1438 897 1493 censent,
938 1430 1223 1479 debitorem
1263 1446 1315 1478 se
1351 1429 1516 1494 ipsum
1552 1429 1887 1495 mancipasse.
1911 1430 1997 1495 ⁴³)
2069 1427 2215 1488 Quod
2264 1429 2383 1494 quin
2429 1429 2539 1478 fieri
2591 1430 2829 1496 potuerit,
2878 1431 2991 1497 jure
3045 1429 3239 1480 dubit-a-

666 1518 853 1580 bimus,
911 1534 1067 1583 quum
1107 1518 1214 1583 jam
1250 1517 1415 1582 ipsum
1451 1515 1565 1577 hoc,
1622 1516 1760 1580 quod
1798 1516 2064 1565 dabatur
2098 1517 2349 1582 mancipio
2405 1517 2557 1583 (nam
2613 1518 2682 1567 sic
2737 1517 3049 1583 plerumque,
3104 1517 3238 1583 apud

668 1605 985 1671 antiquiores
1028 1604 1177 1652 unice
1215 1602 1496 1663 dicebatur,
1542 1602 1867 1668 mancipandi
1909 1604 2119 1651 verbum
2156 1603 2314 1652 serius
2351 1604 2403 1652 in
2439 1622 2588 1652 usum
2623 1604 2820 1670 venit),
2872 1603 3238 1671 impedimento

669 1711 782 1742 esse
819 1693 1070 1743 videatur.
1158 1691 1417 1756 Nusquam
1451 1691 1669 1756 legimus
1703 1691 1892 1739 liberas
1930 1709 2175 1756 personas
2213 1692 2361 1739 alieni
2404 1693 2531 1757 juris
2579 1709 2855 1758 servosque
2891 1692 3145 1757 mancipio
3183 1708 3237 1739 se

667 1781 791 1830 dare
828 1781 985 1846 ipsos,
1023 1796 1119 1828 nec
1157 1779 1387 1827 homines
1426 1778 1503 1826 sui
1534 1778 1662 1843 juris
1700 1778 1981 1843 mancipari
2015 1779 2254 1844 potuisse.
2344 1778 2485 1838 Quae
2531 1795 2781 1844 personae
2825 1778 3015 1827 liberae
3051 1778 3238 1826 manci·

667 1868 939 1935 pabantur,
979 1885 1069 1917 eae
1103 1866 1206 1932 juri
1241 1866 1323 1916 vel
1359 1865 1602 1931 potestati
1639 1865 1789 1914 alicui
1827 1865 2086 1930 subjectae
2125 1875 2280 1928 erant,
2321 1878 2469 1932 atque
2508 1867 2571 1916 ab
2611 1885 2688 1929 eo,
2725 1866 2867 1931 cujus
2903 1866 2956 1915 in
2984 1873 3239 1932 potestate

668 1963 830 2018 erant,
867 1955 1125 2021 mancipio
1164 1953 1427 2001 dabantur.
1514 1951 1621 2000 Nec
1660 1953 1856 2014 obstat,
1913 1953 2051 2018 quod
2087 1954 2300 2002 feminas
2337 1956 2528 2020 patriae
2564 1955 2806 2021 potestati
2843 1972 2948 2001 non
2985 1955 3239 2019 subjectas

670 2044 1052 2110 coemptionem
1090 2041 1273 2091 fecisse
1308 2041 1535 2107 legimus.
1625 2039 1756 2089 Nam
1795 2057 1880 2091 eas
1918 2058 2120 2107 quoque
2159 2042 2221 2090 ab
2260 2043 2369 2091 aliis
2404 2043 2718 2109 mancipatas
2773 2058 2883 2091 esse
2939 2048 3153 2103 constat,
3210 2058 3240 2089 a

665 2130 922 2182 tutoribus
958 2130 1215 2192 nimirum,
1271 2128 1357 2196 qui
1401 2128 1453 2177 in
1495 2128 1556 2177 iis
1607 2129 1691 2195 jus
1736 2136 2148 2196 potestatemque
2195 2130 2387 2198 patriae
2434 2148 2540 2180 non
2576 2129 2886 2193 dissimilem,
2940 2129 3061 2178 olim
3114 2144 3238 2179 vero

667 2219 981 2285 persimilem
1017 2217 1292 2266 habebant.
1382 2216 1482 2264 Alii
1535 2216 2003 2266 animadvertentes
2057 2218 2313 2266 neminem
2368 2236 2421 2267 se
2468 2219 2636 2283 ipsum
2669 2218 2896 2284 potuisse
2933 2217 3238 2282 mancipare,

667 2325 852 2376 operas
891 2324 1008 2355 suas
1046 2304 1308 2354 debitores
1342 2303 1596 2369 mancipio
1645 2302 1846 2353 dedisse
1901 2312 2096 2370 putant.
2120 2306 2204 2370 44)
2294 2304 2431 2365 Quas
2484 2323 2636 2355 nemo
2692 2306 2813 2354 satis
2866 2304 3105 2370 probavit
3156 2321 3238 2353 res

666 2394 890 2460 mancipi
925 2393 1097 2454 fuisse,
1152 2408 1322 2457 neque
1378 2391 1427 2438 id
1471 2391 1678 2456 probari
1724 2398 1909 2457 potest,
1965 2393 2174 2457 verique
2222 2401 2392 2441 autem
2426 2394 2577 2459 plane
2614 2393 2856 2442 dissimile
2894 2400 2985 2454 est,
3037 2400 3238 2440 veteres

665 2480 932 2530 Romanos
966 2488 1074 2529 tam
1112 2479 1366 2528 subtiliter
1402 2478 1463 2525 de
1501 2478 1854 2543 hujuscemodi
1889 2480 2044 2528 rebus
2083 2480 2348 2546 cogitasse,
2402 2488 2457 2529 ut
2504 2481 2556 2529 in
2595 2481 2762 2546 operis
2802 2480 3037 2541 hominis,
3090 2479 3240 2527 liberi

666 2568 983 2634 praesertim,
1020 2583 1103 2616 res
1138 2565 1486 2631 incorporales
1521 2565 1770 2614 viderent.
1860 2566 1929 2614 At
1966 2567 2165 2615 etiamsi
2198 2566 2401 2628 fuerint,
2440 2567 2712 2632 quominus
2746 2568 2896 2617 istam
2932 2568 3238 2616 sententiam

667 2655 962 2720 probemus,
1017 2652 1258 2720 prohibet
1290 2653 1469 2719 regula
1497 2653 1640 2718 juris,
1697 2652 1976 2701 secundum
2017 2669 2294 2725 quam-per
2329 2656 2573 2721 temporis
2609 2655 2693 2704 vel
2730 2655 3036 2704 conditionis
3075 2654 3237 2721 adjec-

668 2743 863 2791 tionem
898 2737 952 2790 in
983 2750 1153 2791 totum
1188 2740 1494 2806 mancipatio
1533 2740 1753 2790 vitiatur.

892 2829 1033 2890 Quae
1072 2847 1231 2896 quum
1266 2829 1339 2878 ita
1374 2829 1486 2891 sint,
1536 2829 1773 2895 equidem
1809 2846 1904 2878 nec
1943 2846 2148 2879 causam
2183 2830 2349 2893 vide0,
2406 2847 2494 2880 cur
2529 2847 2721 2880 nexum
2758 2831 3087 2881 constitutum
3126 2845 3237 2879 esse

665 2931 761 2985 per
796 2917 1228 2984 mancipationem
1267 2933 1475 2966 necesse
1512 2917 1759 2966 videatur.
1841 2916 1967 2965 Mihi
2004 2916 2205 2966 videtur
2239 2934 2429 2967 nexum
2466 2935 2620 2985 quam
2654 2919 2878 2968 maxime
2916 2935 2946 2967 a
2981 2917 3235 2983 mancipio

665 3004 930 3054 diversum
965 3003 1137 3067 fuisse,
1175 3003 1358 3053 eodem
1393 3004 1561 3066 modo,
1599 3020 1702 3070 quo
1740 3021 1770 3052 a
1807 3004 2036 3053 dominio
2074 3003 2227 3052 distat
2263 3004 2519 3071 obligatio.
2579 3003 2711 3053 Nam
2747 3004 3069 3070 mancipium,
3108 3004 3237 3053 sicut

665 3091 890 3142 vidimus
933 3090 1205 3158 ipsumque
1240 3106 1429 3139 nomen
1467 3091 1733 3158 significat,
1770 3098 2130 3157 praeterquam
2169 3090 2305 3157 quod
2332 3107 2402 3141 ‘ea
2436 3098 2665 3158 potestas
2700 3092 2752 3140 in
2781 3091 2971 3141 liberos
3001 3090 3235 3140 homines

665 3180 975 3241 mutabatur,
1026 3195 1204 3227 ¹rerum
1252 3178 1566 3243 quarundam
1612 3178 2086 3228 transferendarum
2137 3195 2288 3226 causa
2324 3186 2673 3244 comparatum
2711 3186 2831 3240 erat,
2867 3196 3058 3228 nexum
3095 3195 3234 3240 vero,

872 3362 918 3410 η)
945 3365 1058 3408 Gaius
1085 3363 1162 3410 (11.
1195 3362 1253 3409 19,
1281 3361 1359 3410 20)
1384 3366 1590 3400 nominatim
1619 3375 1727 3409 quum
1754 3369 1905 3411 vestem,
1943 3369 2019 3400 tum
2054 3365 2160 3399 etiam
2188 3373 2311 3399 aurum
2339 3370 2374 3400 ct
2399 3369 2585 3408 argentum
2611 3365 2717 3401 rebus
2744 3376 2808 3402 nec
2835 3367 2987 3410 mancipi
3013 3367 3233 3411 adnumerat,

667 3429 892 3471 significandi
917 3438 1037 3474 causa,
1077 3434 1119 3464 ut
1143 3430 1308 3472 :micon-
1346 3429 1389 3462 de
1417 3429 1471 3462 his
1497 3430 1602 3462 rebus
1640 3434 1680 3463 ut
1718 3429 1988 3472 pretiosioribus
2027 3429 2179 3463 dubitari
2217 3438 2349 3470 posse:
2390 3437 2451 3462 aes
2478 3429 2586 3471 enirn,
2627 3430 2661 3462 in
2701 3439 2770 3472 quo
2807 3430 2925 3464 omnis
2963 3430 3047 3463 oiim
3084 3431 3235 3473 pecum'n

666 3492 887 3525 consistebat
911 3501 980 3525 non
1007 3492 1155 3533 putabat
1181 3500 1200 3524 s
1227 3492 1396 3533 quopiam
1424 3493 1530 3523 rebus
1559 3493 1709 3533 mancipi
1736 3492 1889 3524 adscribi
1916 3499 2035 3532 posse.

874 3555 921 3602 ⁴³)
947 3559 1097 3603 Puerum,
1128 3559 1317 3593 Lehrbuch
1343 3559 1408 3603 mr
1434 3559 1922 3603 lmtitutionenvorlemnyen
1950 3569 1984 3601 p.
2013 3558 2179 3592 xxxin.

872 3625 919 3672 ⁴⁴)
945 3627 1102 3663 Scheuri.
1130 3638 1163 3672 p.
1193 3626 1363 3672 51sseqq.
1417 3626 1504 3663 sen,
1534 3637 1567 3670 p.
1595 3625 1642 3662 43
1669 3637 1769 3671 seqq.
1820 3629 1894 3664 Eos
1921 3628 2085 3663 refutavit
2111 3627 2287 3661 nachoren
2317 3637 2350 3669 p.
2380 3623 2425 3661 64
2454 3635 2551 3670 seqq.
