3461 4168
1481 114 1541 160 13

2671 198 2734 227 ,4-

228 264 483 327 Quoniam
519 282 646 314 vero
682 266 735 315 in
769 273 1079 316 testamento
1116 265 1353 315 faciendo
1387 284 1492 314 non
1527 265 1579 314 id
1616 266 1794 332 agitur,
1849 273 1905 315 ut
1941 264 2303 331 patrimonium
2339 266 2600 316 testatoris
2630 265 2802 314 statim

226 353 292 402 ad
326 351 571 400 heredem
605 359 847 416 transeat,
901 353 994 402 sed
1026 353 1186 419 ipsius
1221 360 1427 401 maneat
1461 369 1622 420 usque
1659 353 1724 401 ad
1759 360 1995 414 mortem,
2050 350 2238 399 idcirco
2293 353 2425 400 inter
2466 352 2798 420 mancipatio-

228 456 364 502 nem,
403 456 535 505 quae
571 442 867 490 testamenti
902 440 1173 489 ordinandi
1210 457 1362 489 causa
1395 442 1667 508 peragitur,
1712 448 1763 488 et
1799 447 1995 488 ceteras
2031 454 2219 504 magna
2253 439 2519 489 intercedit
2566 441 2799 490 differen-

228 526 316 588 tia,
370 535 645 593 propterea
698 527 838 592 quod
893 526 1114 575 familiae
1170 534 1368 592 emptor
1416 528 1670 592 mancipio
1709 525 1964 589 accipiens
2003 541 2107 572 non
2146 532 2316 589 potest
2352 525 2518 575 dicere
2556 527 2798 576 familiam

228 628 341 662 esse
379 630 524 662 suam
562 630 627 662 ex
658 613 772 678 jure
811 611 1095 672 Quiritium.
1185 611 1358 663 Verba
1394 614 1639 674 solennia,
1696 626 1828 675 quae
1864 609 2083 658 familiae
2123 616 2407 675 emptorem
2441 611 2581 676 loqui
2619 613 2798 679 accipi-

224 715 355 761 mus,
393 698 529 764 apud
566 696 749 764 Gajum
786 697 847 747 II.
888 700 1001 760 104,
1039 697 1130 748 sed
1167 716 1320 764 quum
1355 700 1540 749 lacuna
1575 695 1832 763 explenda
1869 695 1946 757 sit,
1983 697 2121 745 varie
2154 714 2183 745 a
2212 696 2335 746 viris
2356 695 2519 746 doctis
2547 698 2796 763 leguntur.

225 783 401 833 Malim
454 786 626 850 legere
681 785 867 846 locum,
923 785 1123 849 qualem
1168 785 1527 834 Lachmannus
1571 783 1824 832 restituit:
1896 781 2143 843 „Familia
2185 783 2502 848 pecuniaque
2539 792 2628 831 tua
2667 785 2797 832 endo

229 870 576 919 mandatelam
611 870 824 919 tutelam
862 870 1274 936 custodelamque
1310 888 1494 930 meam,
1544 887 1643 933 quo
1680 877 1737 917 tu
1768 869 1881 933 jure
1917 876 2279 917 testamentum
2316 870 2485 917 facere
2523 870 2689 934 possis
2728 887 2801 917 se-

213 944 451 1004 cundum
487 956 655 1022 legem
691 955 962 1021 publicam,
1008 957 1105 1005 hoc
1152 975 1268 1007 aere
1306 973 1566 1019 aeneaque
1603 955 1734 1003 libra
1772 963 1880 1004 esto
1917 955 2041 1003 mihi
2080 960 2295 1021 emptaf‘
2383 955 2442 1004 In
2481 955 2576 1003 hac
2613 956 2801 1004 manci-

224 1042 435 1115 patione
491 1042 800 1091 celebranda
851 1044 894 1091 is
949 1061 1164 1108 quoque,
1219 1044 1305 1108 qui
1357 1042 1614 1106 mancipio
1669 1041 1770 1102 dat,
1823 1049 2052 1103 testator,
2106 1043 2265 1090 verba
2313 1050 2452 1090 certa
2487 1043 2800 1106 pronuntiat.

227 1127 325 1187 Qui
361 1130 493 1178 aeris
529 1130 779 1194 particula
815 1147 844 1177 a
879 1130 1098 1178 familiae
1137 1137 1368 1194 emptore
1407 1136 1616 1193 accepta
1649 1128 1849 1176 tabulas
1884 1130 2176 1177 testamenti
2209 1137 2423 1177 tenens:
2496 1128 2675 1190 „Haec
2713 1129 2798 1190 ita,

227 1216 311 1278 ait,
348 1224 405 1265 ut
439 1216 493 1265 in
529 1215 609 1265 his
645 1216 831 1266 tabulis
869 1218 1098 1282 cerisque
1136 1216 1295 1281 sripta
1332 1222 1464 1276 sunt,
1510 1215 1582 1264 ita
1618 1215 1700 1276 do,
1737 1216 1807 1264 ita
1841 1216 1972 1282 lego,
2008 1216 2079 1264 ita
2113 1224 2289 1277 testor,
2339 1216 2509 1280 itaque
2549 1233 2643 1264 vos
2682 1214 2798 1274 Qui-

227 1298 366 1364 rites,
402 1303 750 1351 testimonium
786 1303 911 1351 mihi
945 1304 1316 1369 perhibetote.“
1356 1300 1421 1349 Et
1456 1301 1598 1363 haec,
1637 1310 1693 1350 ut
1730 1300 1884 1367 Gajus
1922 1310 1972 1351 et
1995 1301 2254 1367 Ulpianus
2293 1303 2535 1364 referunt,
2584 1310 2801 1350 vocatur

224 1388 551 1453 nuncupatio.

442 1473 536 1523 His
573 1475 753 1539 positis
790 1492 945 1539 quum
983 1472 1045 1521 de
1084 1473 1187 1521 ritu
1233 1472 1639 1537 mancipationis,
1693 1481 1800 1522 tum
1849 1473 1910 1521 de
1964 1492 2060 1522 usu
2113 1474 2173 1522 iis
2226 1474 2560 1538 temporibus,
2616 1474 2797 1537 quibus

221 1561 335 1625 jure
373 1561 591 1608 consulti
626 1561 838 1607 maximi
875 1560 1201 1624 scripserunt,
1231 1559 1339 1623 jam
1375 1560 1474 1607 hoc
1510 1560 1641 1621 loco,
1689 1561 1979 1624 priusquam
2018 1560 2082 1607 ad
2118 1560 2262 1607 initia
2297 1560 2690 1624 mancipationis
2727 1561 2800 1607 in·

230 1646 466 1712 daganda
503 1645 873 1713 aggrediamur,
910 1662 1075 1711 pauca
1111 1645 1401 1694 summatim
1439 1645 1502 1694 de
1538 1645 1709 1694 indole
1748 1647 1867 1716 ejus·
1893 1654 1943 1695 et
1978 1653 2231 1711 potestate
2270 1645 2630 1695 constituenda
2666 1654 2797 1695 sunt.

223 1731 360 1781 Dum
399 1732 810 1798 stipulationibus
848 1739 899 1781 et
945 1731 1107 1797 pactis
1147 1731 1427 1781 secundum
1471 1732 1716 1797 principia
1761 1732 1889 1798 juris
1925 1731 2144 1781 Romani
2197 1732 2296 1781 nisi
2349 1732 2622 1781 traditione
2678 1750 2797 1781 con-

226 1826 402 1868 secuta
455 1836 562 1867 non
608 1818 1000 1879 transferuntur,
1055 1818 1431 1883 mancipatione
1485 1819 1710 1883 perfecta
1745 1837 1826 1868 res
1862 1819 2164 1883 mancipata,
2221 1819 2261 1867 si
2316 1818 2520 1883 quidem
2558 1819 2796 1867 dominus

223 1905 332 1967 fuit,
371 1906 456 1970 qui
492 1905 648 1966 dedit,
687 1905 799 1970 ipso
831 1905 946 1971 jure
985 1906 1278 1970 accipientis
1314 1906 1387 1967 fit,
1431 1923 1525 1954 nec
1561 1906 1763 1954 traditio
1801 1906 1934 1954 ultra
1974 1913 2051 1954 est
2086 1906 2387 1954 necessaria.
2478 1905 2619 1954 Idem
2658 1905 2795 1970 quod

222 1992 548 2057 mancipatio,
604 1992 760 2041 efficit
796 1992 849 2040 in
891 1993 1005 2058 jure
1043 1993 1220 2041 cessio.
1311 1991 1465 2058 Cujus
1502 2009 1621 2041 usus
1661 1992 1964 2057 quibusdam
2000 1993 2155 2041 rebus
2209 1993 2359 2040 latius
2412 1999 2568 2057 patet,
2626 2009 2796 2057 quum,

220 2085 278 2128 ut
315 2095 493 2129 omnes
529 2095 612 2128 res
650 2080 958 2145 corporales,
996 2079 1222 2145 exceptis
1259 2079 1479 2145 praediis
1517 2079 1928 2145 provincialibus,
1965 2079 2036 2128 ita
2073 2079 2226 2128 etiam
2256 2079 2620 2144 incorporales,
2657 2079 2799 2129 velut

215 2165 335 2230 jura
369 2164 712 2230 praediorum,
747 2172 854 2215 tam
890 2165 1219 2228 urbanorum,
1267 2184 1417 2231 quam
1451 2167 1770 2228 rusticorum,
1814 2167 2149 2227 ususfructus,
2205 2166 2478 2228 hereditas,
2532 2167 2693 2216 tutela
2729 2168 2796 2215 le-

224 2253 402 2318 gitima
439 2252 565 2317 (non
602 2260 775 2301 tamen
815 2253 1176 2318 obligationes)
1214 2253 1265 2301 in
1298 2254 1411 2318 jure
1449 2254 1732 2302 cessionem
1768 2254 2030 2318 recipiant,
2069 2253 2388 2318 quibusdam,
2439 2271 2591 2317 quum
2628 2271 2794 2318 neque

222 2355 376 2387 causa
410 2339 650 2404 mancipii
685 2355 852 2403 neque
888 2355 1069 2388 manus
1105 2355 1198 2404 per
1237 2356 1349 2387 eam
1387 2340 1638 2401 constitui,
1692 2356 1858 2404 neque
1895 2346 2257 2388 testamentum
2310 2339 2423 2387 fieri
2475 2340 2652 2404 possit,
2708 2356 2793 2387 an-

221 2424 447 2490 gustiore
486 2425 679 2474 ambitu
717 2424 1020 2474 continetur.
1095 2424 1339 2485 Quaestio
1380 2426 1552 2488 oritur,
1590 2442 1689 2491 qua
1726 2442 1780 2475 re
1817 2426 2007 2475 factum
2046 2425 2124 2487 sit,
2162 2431 2219 2474 ut
2252 2441 2317 2473 ne
2350 2423 2516 2473 dicam
2545 2424 2609 2474 de
2638 2425 2795 2474 rebus

218 2510 641 2575 incorporalibus,
697 2510 750 2559 in
805 2511 1157 2576 corporalibus
1211 2512 1383 2561 multis
1438 2512 1742 2577 mancipat-io
1780 2529 1885 2560 non
1924 2512 2153 2560 similiter
2190 2518 2342 2574 atque
2379 2511 2432 2559 in
2477 2511 2592 2575 jure
2630 2511 2793 2560 cessio

217 2596 389 2645 locum
424 2595 672 2644 habuerit.
745 2594 887 2655 Quae
925 2597 1155 2660 quaestio
1196 2614 1311 2646 cum
1349 2615 1409 2646 ea
1445 2597 1508 2646 de
1547 2598 1740 2662 origine
1778 2596 2167 2661 mancipationis
2207 2603 2346 2643 arcte
2384 2595 2639 2644 cohaeret.

1444 2731 1555 2797 §a

435 2850 511 2901 De
550 2852 744 2918 origine
781 2852 939 2917 ipsius
975 2853 1366 2919 mancipationis
1402 2854 1552 2919 pauci
1588 2854 1858 2918 scriptores
1895 2859 2194 2915 tractarunt,
2249 2853 2489 2919 permulti
2544 2852 2607 2902 de
2655 2852 2793 2902 diffe-

217 2940 384 2991 rentia
420 2956 588 2991 rerum
625 2938 845 3005 mancipi
882 2946 933 2989 et
967 2956 1062 2989 nec
1099 2940 1320 3006 mancipi
1359 2941 1566 3007 ejusque
1605 2939 1781 2990 causis.
1861 2937 1960 2999 Qui
1995 2940 2297 3007 plerumque
2333 2958 2439 2990 non
2477 2938 2789 2990 animadver-

215 3035 403 3090 terunt,
456 3028 613 3077 finem
669 3027 764 3077 sibi
810 3027 1131 3093 propositum
1169 3045 1222 3077 se
1262 3027 1536 3094 adepturos
1572 3046 1675 3076 non
1714 3043 1841 3088 esse,
1896 3027 1996 3075 nisi
2051 3028 2235 3092 quibus
2274 3046 2339 3077 ex
2377 3028 2541 3076 causis
2578 3034 2689 3074 orta
2724 3026 2791 3074 sit

215 3115 526 3181 mancipatio
565 3123 616 3164 et
654 3115 986 3181 quamobrem
1021 3115 1330 3180 mancipatio
1368 3115 1533 3177 suerit,
1570 3114 1968 3181 perspexissent.
2040 3113 2170 3163 Mira
2209 3123 2286 3164 est
2323 3114 2686 3163 sententiarum
2724 3111 2787 3160 de

211 3202 367 3251 rebus
402 3202 625 3268 mancipi
662 3210 713 3252 et
747 3219 842 3252 nec
878 3201 1097 3267 mancipi
1132 3202 1447 3267 prolatarum
1486 3201 1767 3252 diversitas.
1859 3199 1998 3260 Quas
2054 3219 2233 3251 omnes
2287 3202 2473 3250 referre
2513 3207 2662 3263 atque
2702 3215 2786 3247 ex·

211 3296 383 3339 cutere
420 3290 633 3356 longum
673 3297 763 3339 est.
837 3288 1003 3350 Quare
1040 3289 1160 3339 satis
1196 3288 1380 3351 habe0,
1418 3305 1546 3354 quae
1581 3288 1895 3356 recentiores
1933 3295 2168 3339 auctores
2207 3289 2300 3337 hac
2333 3287 2393 3336 de
2425 3302 2479 3334 re
2512 3285 2778 3345 senserint,

207 3375 434 3426 breviter
472 3392 747 3442 exponere.
772 3375 856 3442 1⁰)

417 3512 460 3556 ¹⁰)
490 3514 571 3547 Ger.
603 3516 829 3559 Meermarm,
858 3517 901 3548 de
929 3516 1035 3548 rebus
1062 3523 1175 3548 manc.
1205 3518 1239 3546 et
1265 3523 1330 3547 nec
1355 3514 1520 3554 mancipi.
1549 3531 1597 3536 --
1630 3515 1837 3558 Manhayn,
1866 3515 1954 3547 tiber
1980 3515 2047 3546 den
2079 3515 2262 3554 Urspruny
2288 3510 2362 3541 und
2389 3510 2448 3541 die
2477 3509 2682 3550 Bedeutuny
2711 3509 2778 3540 der

208 3585 265 3609 res
292 3584 341 3608 m.
370 3576 445 3607 und
473 3583 537 3607 nec
565 3584 612 3608 m.
641 3577 692 3609 im
718 3577 816 3609 alten
841 3580 929 3610 ro‘m.
959 3578 1079 3610 Recht.
1109 3594 1154 3599 —
1188 3576 1306 3617 Danz,
1334 3574 1519 3607 Lehrbuch
1547 3575 1611 3608 der
1640 3574 1767 3609 Gesch.
1797 3576 1858 3608 des
1884 3579 1972 3608 rom.
2005 3575 2141 3615 Rechts,
2170 3574 2195 3604 Ι.
2225 3581 2256 3612 p.
2290 3567 2360 3603 192
2387 3579 2486 3610 seqq.
